4078 6196
181 334 588 466 abinaam
634 276 1241 459 ra'rannoara
1286 329 1729 461 nominum,

75 162 79 293 ι

73 394 79 583 ἰ

72 586 78 809 i

155 718 187 780 ln
197 715 379 778 admonitione
392 714 482 785 leem,
497 720 570 774 torm
583 714 678 795 priona
691 711 778 792 bajas
792 710 927 772 editionis
940 729 1055 787 opernm
1068 709 1099 772 S.
1126 709 1263 791 &aporii
1280 717 1378 793 magni
1393 710 1583 793 (Patrologioe
1597 711 1717 795 LXXV)
1729 733 1803 796 pra·

72 814 76 877 Ι
120 806 210 882 posito,
221 796 454 877 presatisnnrns
467 792 613 856 emnnulla
621 795 686 873 jam
704 791 949 853 excellentissimae
962 791 1326 852 recnmioniBenediclinee
1341 812 1359 853 n
1373 792 1454 854 erodis
1468 792 1599 853 addenda
1612 795 1684 874 fore.
1700 795 1739 855 ln
1753 794 1804 856 lroc

72 934 77 953 ,
120 890 182 941 tomo
194 877 333 937 habeatnr
347 874 404 937 illa
414 873 564 947 addititia,
581 894 677 953 nempe
691 893 701 932 ε
724 877 839 953 prima,
862 872 1113 932 Benedictionnlc
1125 872 1265 952 quoddam
1280 872 1357 932 doato
1371 871 1508 954 Pontifici
1520 893 1539 932 a
1552 871 1686 934 Kollamo
1698 881 1729 935 in
1740 875 1803 943 sais

71 978 76 999 ¹
125 956 359 1019 Vindodonensilns
373 954 522 1015 Analectis
534 955 730 1023 vindicatam
747 955 895 1023 secunda,
909 951 1010 1030 plores
1024 951 1196 1032 (qaindecim
1206 953 1329 1043 scilicet)
1342 953 1474 1015 Ordines
1484 954 1644 1015 Romanos
1657 954 1729 1035 gnos
1739 974 1804 1016 con·

70 1046 76 1123 Ι
119 1038 233 1120 peperit
245 1044 269 1096 el
281 1035 523 1096 elucidatiomtlns
538 1034 699 1113 illustrauit
714 1036 804 1094 ircano
815 1031 916 1091 theseo
929 1031 1037 1092 italico
1048 1032 1228 1093 doctissimas
1241 1031 1442 1094 dladsllonirm.

70 1130 75 1159 ¹
153 1118 322 1178 benedictini
332 1115 487 1174 uoluminis
499 1121 598 1192 primo
613 1115 745 1175 medietas
768 1111 1012 1192 corrrprelaendedat
1027 1113 1143 1172 librum
1168 1114 1441 1175 Sacramentorum
1456 1131 1521 1173 cnm
1545 1112 1805 1176 aliisdocnmentis

69 1166 74 1299 i
120 1198 306 1275 adlitargiam
320 1194 534 1276 spectantldm:
557 1194 681 1255 secunda
704 1211 779 1265 aero,
803 1196 1036 1253 commentaria
1061 1195 1094 1252 in
1110 1198 1210 1252 varios
1231 1190 1341 1253 Veteris
1368 1193 1536 1255 Testamenti
1550 1192 1650 1254 librae.
1665 1191 1806 1255 Priorum

117 1295 248 1338 mwmnt
257 1277 362 1349 locam,
372 1275 493 1335 minime
506 1293 571 1334 vero
582 1274 786 1354 posteriomnn,
802 1278 855 1353 qni
868 1272 1117 1351 opportunissime,
1134 1277 1167 1331 nt
1176 1291 1333 1349 censemus,
1347 1275 1444 1335 cedent
1459 1273 1544 1333 ricem
1558 1273 1639 1334 redas
1651 1274 1804 1335 maesto.

67 1378 73 1413 s
117 1358 180 1418 lata
190 1357 260 1417 enim
272 1362 315 1414 sic
333 1359 515 1427 constitnerit,
530 1372 595 1414 cam
618 1357 699 1414 libro
715 1355 989 1414 Sacramentorum
1005 1358 1029 1411 et
1055 1352 1227 1412 documentis
1245 1350 1324 1413 lianc
1336 1353 1523 1434 sequentibus,
1549 1354 1764 1435 amplissimam
1778 1363 1806 1416 et

67 1464 71 1489 ι
117 1437 336 1517 pretiosissimam
352 1435 548 1495 collectionem
560 1440 805 1494 monanaemorum
815 1431 918 1513 quidus
927 1439 1061 1493 seruatam
1075 1432 1198 1491 traditio
1208 1450 1356 1493 socrormm
1374 1437 1489 1496 rituam
1497 1434 1632 1512 pristina
1644 1433 1783 1495 Ecclesia
1793 1453 1806 1506 ,·

65 1534 70 1575 r
118 1516 319 1578 Commentario
334 1522 424 1575 amai
442 1533 476 1575 sa
489 1520 590 1595 aptins
605 1514 777 1576 locabantur
788 1520 853 1572 ame
866 1511 978 1571 Poterit
992 1510 1238 1590 compilationem,
1252 1511 1423 1595 Scripturas
1435 1532 1543 1597 quoqne
1554 1514 1755 1586 elucidantem,
1776 1520 1808 1574 im

118 1605 186 1656 tamo
196 1599 328 1688 sequenti,
340 1595 400 1655 oicc
418 1536 563 1673 dripticis
575 1597 611 1658 S.
626 1594 761 1673 Gregorii
790 1592 870 1666 l'itae,
884 1611 984 1673 quani,
998 1591 1100 1654 lectori
1112 1590 1301 1664 consulentes,
1317 1597 1446 1658 omnibns
1458 1593 1590 1673 operibns
1600 1600 1695 1657 sancti
1706 1594 1808 1657 Patris

65 1712 68 1727 ·
151 1696 174 1736 a
195 1693 326 1737 asnensis.

63 1736 67 1845 Ῑ
117 1694 286 1818 prtdiricdeot
302 1756 435 1815 oolarnen
447 1752 629 1833 Pontificum
642 1752 839 1814 Romanorum
850 1751 976 1832 catalogi
990 1750 1190 1832 dampnorum
1205 1771 1280 1813 anns
1293 1771 1329 1813 ea
1344 1748 1512 1814 Cardalenss‘
1524 1756 1724 1837 manuscripto
1733 1767 1808 1818 aeota

63 1860 67 1895 ι
116 1835 214 1899 secali
221 1837 348 1915 prienam
360 1834 453 1895 ntitas
465 1834 527 1914 fnit
542 1833 576 1895 ad
601 1833 801 1896 illustrissimo
815 1832 1006 1907 Matitloaio,
1021 1832 1097 1893 alter
1123 1831 1160 1892 ad
1186 1830 1283 1893 limm.
1306 1830 1495 1911 Sclelstrata,
1511 1853 1546 1894 ec
1564 1834 1700 1898 Vaticano
1713 1838 1809 1900 codice

62 1926 66 1963 ¹
116 1915 183 1976 lenti
200 1916 348 1997 Pontificio
368 1933 468 1976 coauo.

61 2010 67 2055 t

115 2096 1808 2133 m

206 2229 589 2356 PRAEFATIO
622 2232 696 2353 lN
730 2232 1002 2354 LIBRUM
1038 2231 1701 2363 SACRAMENTORUM.
1773 2218 1813 2297 ⁴³³

146 2498 165 2552 l.
180 2500 434 2555 sacramentorum
446 2496 774 2554 librumcasterissancti
789 2494 917 2567 Gregorii
932 2496 1025 2568 Magni
1047 2498 1180 2568 operibus
1204 2516 1386 2557 ascensemus
1409 2518 1467 2557 non
1495 2504 1571 2575 qnod
1589 2504 1700 2580 primns
1722 2503 1811 2578 ipsius

114 2568 195 2624 luerit
207 2586 309 2640 parens
323 2570 547 2640 irnperioriobus
557 2568 636 2623 enim
655 2569 792 2623 romana
806 2567 997 2638 pontificibus,
1013 2570 1195 2641 maximeque
1216 2572 1330 2627 Gelasio
1345 2575 1366 2637 l,
1378 2546 1519 2647 debetur),
1535 2577 1586 2631 sed
1607 2579 1683 2649 qnod
1696 2594 1812 2635 summa
1837 2566 1841 2577 ’

56 2642 60 2663 ·
113 2655 177 2694 cura
195 2642 341 2696 meliorem
356 2641 522 2695 intormem
537 2640 631 2710 ipsum
647 2644 762 2694 sanctus
775 2641 878 2693 hoctor
897 2639 1048 2721 redegerit,
1074 2646 1104 2695 ut
1127 2643 1210 2697 docet
1236 2644 1362 2700 loannes
1382 2646 1534 2713 Diaconos,
1563 2646 1613 2703 lih.
1634 2665 1665 2715 ir,
1689 2665 1752 2720 cap.
1767 2651 1811 2705 tl.

111 2711 210 2766 loanni
222 2713 403 2768 consentiunt
415 2711 591 2766 Walairidus
604 2711 756 2778 sarabara
772 2710 880 2765 Officiis
893 2710 1007 2775 divinis,
1024 2727 1072 2766 seu
1088 2714 1122 2766 de
1135 2713 1228 2768 Rebus
1243 2715 1328 2780 licet„
1357 2732 1422 2788 cap.
1450 2718 1494 2783 tl,
1521 2722 1550 2773 et
1569 2718 1618 2773 alii
1644 2720 1692 2791 qui
1712 2722 1747 2776 de
1758 2720 1812 2777 hoc

112 2783 464 2854 argumentoscripscrunt
478 2781 603 2852 plurimi,
619 2786 648 2835 ut
658 2782 749 2853 legere
765 2786 807 2836 cst
819 2781 847 2835 in
862 2781 995 2836 omnibus
1015 2799 1077 2852 quaa
1101 2781 1173 2837 libro
1186 2788 1439 2842 sacramentorum
1448 2789 1513 2860 jam
1531 2790 1634 2860 smpius
1645 2792 1722 2847 edito
1741 2808 1812 2863 praa·

111 2853 172 2908 tinae
183 2861 248 2909 sunt
257 2854 477 2925 praelationibus
490 2870 495 2907 :
507 2869 598 2924 neque
608 2854 684 2907 enim
699 2852 791 2923 placet
802 2854 864 2923 Jam
881 2854 954 2907 dicta
967 2853 1081 2908 iterare.
1092 2854 1274 2911 Gelasianum
1288 2858 1421 2915 codicem
1436 2859 1640 2932 primigenium
1650 2862 1749 2918 Romae
1763 2880 1811 2934 pn·

52 2960 56 2979 t
111 2925 351 2996 blicaritprrmus,
364 2925 393 2979 in
408 2926 492 2980 rebus
504 2923 642 2995 litingicis
658 2924 1125 2994 versatissimus,losephushlaria
1143 2926 1322 2994 Thomasius‚
1347 2930 1466 2985 clericus
1487 2931 1627 3003 regularis
1648 2933 1812 3001 ,Gelasiani

110 3011 175 3050 sero
187 2997 295 3052 Codicis
306 2996 508 3067 aGregoriano
517 2994 669 3050 discrimen
683 3000 773 3049 totum
790 2994 873 3049 estin
895 2995 1064 3049 Orationnm
1079 3013 1150 3066 qnos
1158 2998 1291 3055 collectas
1299 3016 1434 3057 sommus
1445 3002 1583 3058 uarietate
1593 3019 1625 3059 ac
1635 3004 1811 3075 numeranti

110 3068 346 3123 observatnoster
360 3067 550 3133 hlabillonius,
565 3067 599 3121 de
614 3065 740 3137 Litnrgia
754 3065 910 3129 Gallicana,
926 3065 975 3121 lih.
987 3082 1071 3137 neap.
1083 3068 1110 3133 tl,
1122 3070 1241 3126 rumh.
1736 3114 1739 3121 ,

143 3144 173 3194 tt.
185 3140 271 3194 Porro
281 3155 350 3195 cum
364 3141 401 3193 ad
413 3140 517 3193 librum
532 3141 786 3193 sacramentorum
802 3154 819 3192 a
834 3142 933 3192 sancto
949 3137 1084 3208 Gregorio
1113 3139 1275 3207 collectum,
1296 3148 1469 3207 correctum,
1485 3144 1662 3211 ordinatum,
1682 3151 1810 3217 anctum,

109 3209 187 3264 novis
199 3212 274 3281 typis
285 3210 432 3266 edendum
446 3225 498 3266 nos
508 3208 730 3280 accingeremns,
747 3225 833 3280 quem
849 3208 1029 3279 potissimum
1044 3213 1086 3263 tot
1103 3225 1137 3264 er
1162 3211 1312 3267 codicibus
1327 3218 1377 3268 aut
1408 3214 1492 3270 editis
1503 3222 1552 3272 aut
1567 3233 1656 3273 manu
1675 3220 1811 3287 exaratis,

107 3296 315 3408 paparanum
327 3285 394 3337 sunt
408 3279 536 3352 plurimi,
546 3280 751 3351 publicandum
766 3279 948 3351 eligeremus,
965 3280 1014 3335 diu
1029 3279 1148 3337 sollicite
1162 3282 1313 3353 quaesitum
1329 3301 1346 3340 a
1367 3285 1450 3341 nobis
1464 3290 1615 3344 etmaturo
1634 3290 1753 3345 consilio
1766 3291 1812 3348 de·

117 3369 125 3406 r
162 3357 271 3411 ratum.

143 3425 171 3477 t·
186 3426 221 3479 Se
231 3423 373 3479 offerebat
383 3421 407 3477 is
420 3438 506 3492 quem
517 3420 642 3493 Angelus
656 3422 749 3476 Bacca
761 3437 794 3476 er
805 3419 997 3477 vetustissimo
1008 3421 1187 3477 bibliotheca
1202 3423 1347 3481 Vaticana
1362 3427 1530 3499 exemplari,
1546 3433 1578 3485 ut
1599 3429 1629 3485 in
1644 3430 1812 3502 praelatione

107 3498 237 3555 testatur.
250 3495 454 3550 excudendum
469 3493 588 3555 curavit,
604 3493 708 3565 quique
723 3493 751 3547 in
764 3493 932 3548 collectione
942 3509 1061 3562 operum
1088 3494 1177 3549 sancti
1194 3496 1320 3567 Gregorii
1340 3497 1480 3555 multoties
1498 3505 1539 3556 est
1565 3517 1694 3561 recusas.
1711 3508 1748 3559 ht
1776 3505 1812 3562 de

108 3564 214 3620 laudati
225 3568 340 3622 codicis
349 3566 521 3645 antiquitate
535 3563 637 3619 dubios
653 3580 705 3618 nos
718 3564 794 3629 lecit,
810 3564 886 3635 quod
901 3565 1311 3636 observavitlingabteuardns
1327 3567 1355 3622 in
1366 3569 1536 3639 praelatione
1549 3588 1610 3639 sua,
1625 3579 1729 3639 nostrae
1745 3590 1812 3632 mox

106 3637 292 3710 subjicienda.
304 3638 350 3692 nd
365 3636 476 3692 codicis
487 3635 577 3691 eliam
593 3635 786 3706 integritatem
803 3651 960 3705 nonpauca
975 3635 1141 3700 desiderari,
1162 3636 1339 3709 onrissasque
1354 3640 1441 3695 luisse
1456 3644 1616 3711 praesertim
1637 3645 1811 3702 Benedictio·

108 3723 166 3772 nes,
180 3714 345 3763 constater
364 3707 480 3778 hisquae
491 3707 520 3761 in
531 3706 602 3762 iesto
618 3706 708 3761 sancti
726 3706 807 3761 Pauli
822 3706 943 3777 apostoli
957 3706 1106 3777 leguntur:
1122 3709 1259 3776 Praefatio
1272 3718 1296 3762 et
1309 3710 1471 3766 Benedictio
1484 3728 1545 3783 qnae
1558 3718 1686 3784 saperius
1701 3731 1709 3779 ;
1734 3718 1812 3787 quod

107 3778 246 3833 nimirum
256 3784 430 3850 argumento
445 3777 570 3832 estotim
583 3776 799 3832 benedictiones
814 3776 842 3832 ia
858 3777 930 3832 libro
944 3779 1197 3833 sacramentorum
1206 3780 1357 3845 exstitisse,
1373 3796 1437 3837 cum
1446 3787 1542 3839 maren
1550 3783 1579 3839 in
1590 3790 1651 3841 toto
1666 3787 1812 3845 volumine

106 3865 140 3906 ne
154 3866 243 3905 unam
259 3850 378 3921 quidem
394 3865 468 3904 nuuc
488 3846 581 3919 legere
594 3848 688 3903 liceat.

138 3924 171 3974 2⁰
190 3922 289 3976 iacobi
303 3920 420 3976 Pamelii
434 3919 605 3984 Editiouem,
621 3925 701 3973 tomo
716 3919 738 3973 ll
754 3917 913 3990 liturgicon
925 3917 1053 3974 aceresia
1069 3919 1185 3987 Latinas,
1203 3919 1318 3992 plurimi
1336 3922 1441 3979 iactam
1463 3942 1480 3981 a
1499 3926 1573 3982 veris
1588 3927 1717 3994 eruditis,
1731 3928 1813 3986 intel·

104 3991 268 4047 texeremus
288 3999 429 4062 tanquam
440 3991 564 4045 lontibus
576 3990 750 4071 propiorem,
767 3990 790 4044 si
803 3991 971 4045 addimento
986 3992 1202 4061 parenthesibus
1221 3993 1264 4048 rel
1290 3995 1399 4050 uncinis
1412 3995 1523 4052 inclusa
1539 3999 1711 4055 ornittantnr
1725 4018 1732 4056 :
1745 4018 1811 4057 eam

103 4065 143 4118 sic
157 4069 352 4135 expurgatam
368 4063 449 4117 aiunl
463 4077 615 4117 convenire
628 4078 693 4116 curn
724 4061 1049 4116 duobusvetustissimis
1076 4063 1224 4118 codicibus
1254 4065 1323 4120 olim
1347 4067 1526 4123 bibliothece
1545 4069 1661 4141 Regiam
1693 4073 1809 4129 Succias.

103 4135 216 4205 scriptis
231 4138 285 4189 snb
299 4136 403 4189 carolo
413 4134 529 4204 hlugno,
543 4132 584 4187 rel
598 4132 738 4188 Lndorico
759 4132 806 4187 Pio
817 4132 879 4204 ejus
892 4132 958 4187 lilio.
973 4134 1082 4188 Golrata
1092 4140 1135 4189 cst
1149 4134 1208 4189 issac
1222 4135 1342 4192 rainerii
1365 4139 1457 4193 Editio
1471 4155 1536 4194 cum
1563 4156 1620 4196 uno
1634 4158 1667 4197 ex
1688 4142 1812 4199 laudatis

104 4206 268 4271 (lodicibus,
283 4207 333 4276 qui
345 4220 422 4258 nnnc
436 4204 464 4257 in
482 4204 654 4259 bibliotheca
667 4203 803 4258 Vaticana
826 4218 947 4260 numero
962 4204 1031 4257 1275
1047 4210 1208 4260 asservatur
1217 4223 1226 4275 3
1243 4224 1298 4277 qua
1311 4224 1344 4263 er
1360 4209 1523 4267 recensione
1538 4212 1619 4268 nobis
1631 4219 1811 4284 compertum

38 4294 42 4305 ·
103 4282 146 4332 est
158 4294 227 4332 enm
243 4293 261 4331 a
279 4275 397 4330 Pamelii
411 4275 498 4340 edito,
519 4275 606 4329 eliam
622 4274 753 4345 sepositis
765 4275 899 4330 omnibns
911 4291 974 4345 quse
984 4275 1061 4328 intra
1074 4278 1256 4345 parenthescs
1266 4279 1460 4345 includuntur,
1476 4298 1550 4354 saepe
1564 4283 1737 4355 discrepare,
1754 4301 1812 4342 non

104 4348 131 4402 in
145 4348 240 4403 verbis
254 4353 383 4411 tantuna
404 4348 453 4400 scd
465 4347 553 4401 etiam
565 4362 593 4400 rn
606 4346 739 4402 collectis
753 4346 873 4417 aliisque
883 4346 1077 4412 Orationibus,
1094 4346 1152 4401 imo
1168 4348 1196 4401 in
1212 4348 1315 4404 ollicris
1330 4351 1457 4421 integris.

37 4440 40 4450 ·
138 4419 169 4476 ³⁰
186 4418 290 4474 sancti
305 4418 387 4489 litigii
398 4417 530 4472 codicem
543 4433 560 4471 a
572 4423 670 4472 nostro
686 4418 803 4488 tingone
819 4420 953 4473 tlenarda
965 4417 1140 4498 evulgatum,
1167 4434 1201 4473 ac
1226 4422 1301 4475 notis
1316 4423 1617 4496 observationibusque
1628 4424 1813 4493 illustratum,

105 4491 235 4545 maxima
245 4491 326 4560 apud
342 4488 470 4544 eruditos
484 4488 655 4544 auctoritate
669 4487 762 4543 valere
775 4487 894 4542 minime
905 4503 958 4542 nos
977 4487 1115 4556 fugiebat.
1146 4489 1179 4543 aa
1192 4506 1261 4545 sane
1276 4493 1422 4563 perpensis
1436 4494 1570 4549 omnibus
1591 4497 1707 4567 equiori
1722 4499 1814 4569 lance,

104 4560 219 4615 nullum
229 4560 284 4631 ipsi
299 4561 343 4615 ael
358 4561 396 4614 ob
408 4559 621 4630 antiquitatem,
637 4559 680 4614 vel
695 4561 730 4614 ob
761 4559 966 4629 integritatem,
979 4559 1189 4628 praeferendum
1209 4562 1352 4629 duximus,
1368 4564 1441 4619 lecta
1455 4582 1541 4636 quam
1569 4567 1692 4623 Editioni
1703 4586 1761 4625 sum
1772 4570 1816 4626 vir

101 4631 294 4687 doctissimus
304 4631 428 4703 prefixit
439 4629 658 4701 praelationeUt
670 4634 766 4685 antem
781 4630 856 4685 hunc
869 4646 925 4701 prae
940 4630 1051 4684 cmteris
1070 4631 1213 4697 codicem,
1232 4634 1391 4700 ederemus,
1410 4635 1439 4690 id
1454 4652 1505 4691 nos
1520 4638 1701 4708 potissimum
1714 4641 1815 4712 movit,

101 4704 178 4774 qnod
194 4703 270 4758 nolli
284 4701 369 4757 atteri
382 4701 475 4773 aptari
489 4701 646 4773 potuissent
656 4700 849 4757 Menardianm
860 4701 1107 4755 observationeset
1122 4707 1208 4769 notre,
1224 4720 1295 4773 quas
1317 4705 1483 4762 melioribus
1498 4708 1598 4764 formis
1612 4713 1753 4779 recudere,
1774 4714 1816 4768 rei

101 4778 165 4830 tum
179 4790 275 4829 sacrm
291 4777 353 4827 tum
367 4772 512 4828 litterariae
528 4788 584 4827 non
598 4789 699 4843 parum
715 4773 862 4828 intererat.
878 4773 917 4826 lix
935 4777 996 4826 tarn
1010 4771 1133 4843 copiosae
1143 4774 1275 4829 videlicet
1288 4777 1494 4847 exquisitarum
1510 4781 1731 4837 annotationum
1745 4800 1818 4857 snp-

103 4846 257 4918 petlcctilis
268 4844 443 4912 accessione,
457 4843 613 4914 plurimum
626 4850 677 4898 aut
690 4843 821 4898 utilitatis
833 4843 1043 4913 autvcluptatis
1064 4845 1223 4898 studiosum
1239 4846 1373 4902 lectorem
1393 4858 1592 4930 percepturum
1608 4852 1684 4907 haud
1706 4855 1816 4909 dubita·

27 4968 34 4995 ‚
103 4932 181 4971 mus.
201 4915 238 4970 Ut
253 4922 353 4971 autem
371 4915 483 4970 iacitina
495 4921 525 4970 et
542 4915 826 4986 expeditiusinreniri
840 4914 1194 4985 possintrquandoquidem
1204 4916 1266 4972 illas
1278 4918 1476 4991 columnispro
1489 4928 1673 4979 morenoslro
1680 4926 1818 4999 subjicere

27 5032 29 5041 ,
100 4986 255 5059 integrum
268 5002 328 5041 non
340 4992 412 5050 erat,
425 4992 540 5057 propter
549 4986 669 5040 nimiam
682 4986 870 5057 plurimarum
892 4985 1106 5057 prolixitatem),
1117 5003 1166 5040 eas
1178 4988 1296 5043 seorsim
1312 5005 1428 5045 excusas
1451 4997 1576 5048 numeris
1602 4995 1819 5067 distinguendas

100 5059 276 5115 censuimus
298 5074 306 5124 ;
319 5057 386 5112 etin
402 5058 475 5112 libro
490 5061 743 5113 sacramentorum
758 5056 881 5128 singula,
898 5072 960 5126 qum
974 5056 1008 5111 iis
1024 5057 1099 5111 notis
1112 5056 1293 5114 illustrantur
1307 5065 1335 5115 et
1349 5068 1499 5129 ornantur,
1511 5064 1632 5120 tolidem
1646 5069 1774 5124 numeris
1788 5070 1818 5124 in

101 5127 621 5202 marginescriptisindicavimnstlt

138 5203 188 5257 lli.
204 5201 356 5267 Quoniam
368 5216 434 5254 nero
450 5206 514 5270 post
529 5201 677 5271 lingonens
705 5198 875 5254 bichardum
902 5196 984 5252 multi
998 5197 1033 5252 de
1049 5198 1133 5253 rebus
1151 5198 1290 5272 liturgicis
1315 5201 1428 5273 egregie
1448 5203 1633 5276 scripserunt,
1654 5208 1683 5263 in
1699 5209 1820 5265 bisami-

101 5273 303 5330 acutissimus
318 5272 710 5331 cardinalrsloanoesssona,
726 5270 865 5341 losephus
888 5269 978 5324 Maria
995 5270 1164 5325 Thornasius
1185 5271 1249 5342 jam
1272 5273 1416 5343 laudatus,
1443 5275 1568 5333 loannes
1589 5279 1695 5335 Fronto
1715 5287 1820 5337 sanctu,

103 5344 265 5401 Genoveiae
278 5343 447 5398 parisiensis
462 5342 617 5397 canonicus
631 5341 779 5413 regularis,
796 5357 828 5396 ex
838 5340 1073 5395 nostrisloannes
1083 5341 1272 5413 tlabillonrns,
1283 5344 1330 5416 qui
1340 5345 1486 5417 liturgiam
1502 5354 1627 5406 veterem
1641 5351 1821 5407 Gallicanam

106 5431 208 5487 penes
223 5413 448 5473 tenebrrseruit.
465 5419 494 5470 et
507 5414 672 5468 lidmondus
684 5417 819 5481 hlarlene,
846 5412 893 5483 qui
907 5413 942 5468 de
963 5411 1094 5468 Ecclesia
1108 5414 1209 5469 ritibus
1223 5415 1278 5471 tria
1292 5416 1383 5471 edidit
1398 5418 1553 5492 volumina,
1573 5420 1602 5476 in
1625 5423 1727 5494 quibus
1741 5424 1823 5495 quid·

104 5486 180 5562 quid
195 5486 357 5559 prasertim
377 5487 415 5541 ad
424 5491 672 5542 sacramentorum
682 5483 962 5540 administrationem
972 5483 1096 5557 pertinet
1115 5484 1268 5558 diiigenter
1284 5488 1401 5561 fuseque
1413 5494 1580 5562 pertractat,
1600 5508 1774 5571 quecunque
1788 5508 1824 5556 ox

139 5612 182 5695 (l)
198 5611 232 5671 ln
243 5610 303 5671 hnc
318 5614 419 5763 epatre
430 5607 684 5769 edifflzrffmari
701 5608 844 5669 habentur
858 5607 933 5670 inter
945 5608 1132 5689 parenthesis
1146 5611 1237 5673 malui
1249 5610 1381 5677 tumbas.
1393 5613 1471 5683 carr,

357 5715 455 5777 araon,
567 5704 578 5761 t
609 5742 616 5769 ,
1650 5706 1667 5797 1

40 5854 215 6062 sto<
