4034 6180
105 223 153 292 na
457 222 497 286 n
511 222 544 287 s.
568 218 745 288 caucana
768 168 911 287 airaon
932 218 1267 291 sacainnnonun
1287 224 1406 290 nora.
1699 182 1781 293 ¹aaa

105 362 162 415 inde
172 357 353 422 smannens,
362 357 463 414 exinde
475 359 564 413 omnis
576 359 703 429 papatus,
712 357 905 427 [entirteurqne
920 358 943 419 Α
964 356 991 411 in
1003 358 1110 413 Ordine
1125 362 1252 414 Romano
1267 360 1302 415 de
1312 359 1443 416 bacterio
1455 376 1461 417 :
1471 360 1639 420 Stattmtno
1653 363 1783 434 acolptbi

102 447 181 487 serus.
193 432 427 485 luterincantant
439 430 680 500 tasdrrtiptnnaa
694 433 813 484 Crucem
825 438 904 481 tuam
958 430 1054 499 parati
1068 446 1129 485 nrm
1143 431 1340 503 interimentia
1351 432 1489 502 incipiant
1499 433 1731 491 nodarealtaria.
1748 436 1783 491 nt

102 504 246 567 adoramus,
261 500 392 555 Domine.
409 501 459 557 Ps.
481 500 556 556 Deuti
572 500 760 555 immaculati.
784 498 902 567 Antiplt.
961 515 994 555 ex
1006 501 1135 559 Alcuino.
1152 501 1201 556 lib.
1217 502 1253 555 de
1270 502 1351 557 utne.
1367 503 1479 568 divinis,
1497 521 1559 575 cap.
1573 504 1608 559 de
1624 506 1711 561 Coena
1728 509 1783 561 Do-

102 571 351 629 ndorainuacrucis.
373 571 496 639 Antipb.
520 574 591 626 Dum
615 571 772 626 fabricator
792 568 904 624 mundi.
962 571 1048 625 mini:
1066 573 1114 627 llis
1125 572 1220 640 finitis
1234 573 1379 628 nudantur
1393 577 1499 629 altaria
1509 577 1568 645 jam
1583 576 1780 633 circanoctem.

102 646 214 715 Henna<
225 644 379 701 Fortunati.
392 643 484 714 Pange
496 641 716 714 linguagloriosi
738 642 904 696 »Hactenus
960 642 1040 707 Ouod
1054 642 1165 698 videtur
1175 642 1263 697 etiam
1277 659 1342 698 cau.
1356 644 1373 698 8
1387 645 1497 700 concilii
1515 645 1644 702 Toletani
1655 663 1711 714 xri,
1721 648 1780 713 ubi,

20 738 21 749 ¹
101 717 180 772 Codex
195 713 312 767 Datoldi.
330 713 382 769 Ubi
392 719 458 768 ante
470 714 531 768 baec
544 715 639 778 verba,
651 712 719 783 qnid
733 714 809 767 nitro
821 712 905 767 debui
960 728 1047 785 egeus
1062 716 1097 769 de
1110 721 1211 769 satiate
1225 729 1387 784 parasceve,
1395 715 1480 771 dicit:
1494 717 1727 782 Onondoaltario
1734 719 1780 773 de·

100 784 347 855 tarnesupplenda
359 788 426 839 sunt
440 785 538 847 ista,et
551 785 654 841 iterum
662 792 774 839 cantant
786 782 902 848 diacona}
959 785 1064 839 nudiita
1075 785 1246 851 persistant3
1260 801 1325 841 uam
1344 788 1375 838 τὸ
1387 788 1543 856 persistant
1562 788 1672 844 iudicat
1686 805 1719 845 eo
1735 789 1781 846 die

100 862 122 911 et
134 860 193 911 ante
205 855 296 924 sniis,
312 856 434 910 subaudi
449 856 603 937 presbyteri
613 870 696 921 oero;
712 859 741 910 et
755 854 904 909 anle'San·
958 872 1015 911 nou
1040 855 1126 912 luisse
1148 858 1306 917 denudata.
1324 858 1374 912 sed
1391 857 1482 982 pridie
1496 859 1580 929 juria
1594 876 1717 924 marem,
1732 862 1780 933 qui

99 936 149 983 ern
160 928 227 982 Deus
242 927 362 981 subaudi
378 935 403 982 et
420 927 522 982 chorus
532 934 645 982 iteruin·
660 926 831 981 Haecautein
842 940 902 979 rer·
957 926 1045 981 etiem
1060 927 1250 983 confirmatur
1263 943 1297 982 ex
1308 927 1387 983 conci
1402 928 1574 984 ioTaletauo
1588 946 1655 996 xvir,
1668 947 1732 987 can.
1746 936 1780 987 t:

99 1000 137 1069 ba,
148 1006 310 1069 posternens
325 1015 355 1054 se
367 1001 420 1062 ter,
433 1006 497 1055 etc..
516 1003 650 1068 corrupta
665 1003 741 1064 sunt,
762 1003 791 1053 et
811 996 851 1051 sic
865 996 903 1051 le·
961 1000 1005 1054 lta
1019 1000 1115 1053 ittnt'si
1123 1002 1150 1053 in
1163 1000 1259 1055 Co’nre
1269 1000 1384 1054 Domini
1396 1000 1692 1072 celebritateqnnncto
1706 1018 1781 1059 more

97 1071 186 1143 genta
197 1076 378 1137 prosternent
393 1085 422 1123 se
436 1074 481 1125 ter
499 1068 655 1124 adorantes
668 1083 794 1123 crucem.
956 1070 1041 1125 solito
1055 1070 1160 1125 altaria
1173 1070 1274 1125 debent
1296 1071 1442 1135 deraestiri,
1466 1071 1560 1126 cortem
1580 1072 1694 1127 debeam
1710 1072 1784 1128 ostia

125 1140 179 1195 tes.
201 1143 241 1195 lte
255 1148 365 1195 sancta.
380 1140 428 1194 ltse
442 1139 470 1194 in
499 1139 595 1194 unitis.
620 1141 700 1211 Apud
725 1137 879 1197 Alcuiuum
894 1156 900 1196 :
957 1140 1092 1195 reserari.
1107 1141 1135 1195 ld
1147 1140 1234 1196 eliam
1251 1142 1386 1211 probatur
1397 1158 1431 1196 ex
1445 1142 1552 1197 lotione
1564 1142 1709 1211 altarium,
1721 1159 1783 1215 quae

96 1212 207 1267 trintitar
219 1214 253 1267 de
265 1220 365 1266 sancto
382 1227 467 1279 parre.
484 1211 571 1283 Cujus
586 1213 670 1266 rerba
693 1210 841 1281 sequentia
853 1224 904 1263 uo·
958 1211 1027 1267 olim
1049 1211 1137 1266 fiebat
1148 1212 1249 1267 eodem
1264 1212 1309 1267 die
1321 1212 1405 1267 simul
1426 1229 1491 1268 cum
1507 1211 1613 1269 lotione
1628 1214 1781 1284 parietum,

96 1284 180 1345 lauda,
189 1280 467 1352 elexplicandasunt
476 1299 484 1335 :
494 1281 903 1349 Sartctitlcntnrantenoiamn
958 1298 992 1337 ac
1004 1282 1160 1353 pavimenti
1176 1283 1286 1355 templi,
1297 1287 1327 1339 et
1340 1299 1490 1351 rasorum5
1504 1285 1539 1341 de
1553 1286 1657 1356 quibus
1671 1285 1784 1341 bicbre-

96 1359 345 1409 noaconseeratnrn
353 1353 623 1422 persanctificatnm
632 1369 744 1409 sionem.
756 1351 902 1407 Mecenim
958 1353 1031 1408 riter
1043 1369 1175 1423 oguinus.

95 1440 141 1479 noa
151 1425 188 1480 ita
202 1424 419 1494 capiendasunt
430 1423 510 1495 quasi
525 1423 622 1478 vinum
635 1439 692 1478 non
705 1426 902 1479 consecratum
995 1426 1097 1494 Supra,
1111 1425 1254 1480 incudem
1268 1423 1360 1496 capite
1373 1424 1476 1497 regule
1491 1426 1536 1481 Ma
1558 1425 1628 1495 stri,
1643 1443 1709 1482 cum
1724 1426 1784 1498 agit

95 1513 134 1566 per
147 1495 287 1568 ejusmodi
312 1495 515 1550 admistionem
537 1499 666 1550 transeat
681 1494 710 1549 iu
731 1492 901 1563 sauguinem
958 1495 993 1550 dc
1009 1495 1169 1551 leriaserta
1182 1496 1303 1567 majoris
1318 1496 1525 1561 hebdomadae,
1565 1514 1604 1552 aec
1630 1498 1781 1565 habentur,

95 1565 194 1629 Christi,
210 1567 259 1621 sed
272 1566 361 1649 'quad
380 1566 635 1621 sanctificationem
654 1565 811 1636 quemdam
828 1569 904 1618 exte·
961 1568 1034 1622 Latio
1049 1581 1115 1622 nem
1124 1568 1282 1631 renumeret
1291 1569 1586 1639 apparatnspascltaldi
1596 1569 1654 1639 ipsa
1666 1568 1713 1624 die
1719 1586 1783 1639 pro-

95 1640 186 1692 riorem
202 1654 235 1693 ex
250 1637 395 1708 ejusmodi
410 1637 612 1692 commistione
629 1635 774 1707 percipiet.
794 1635 833 1690 Ex
847 1652 903 1705 quo
958 1642 1081 1694 caretur.
1098 1639 1165 1702 Onne
1179 1637 1366 1708 intelligenda
1379 1644 1446 1693 sunt
1462 1642 1498 1694 de
1514 1639 1780 1706 innocentianam,
1857 1642 1880 1695 .'

94 1710 205 1763 comoda
221 1713 266 1763 est
289 1708 407 1779 antiqua
425 1708 609 1775 consuetudo,
628 1724 690 1778 quee
709 1706 803 1762 ailbuc
815 1706 899 1777 viget,
958 1709 1099 1779 parietum
1112 1727 1140 1764 et
1155 1709 1383 1781 pavimentorum
1398 1710 1507 1780 templi,
1528 1714 1557 1765 et
1577 1727 1722 1767 saccorum
1737 1729 1784 1766 ra-

94 1781 156 1850 qood
176 1779 316 1834 nimirum
336 1781 482 1835 celebrans
506 1780 533 1834 iu
552 1784 651 1833 sancta
677 1794 828 1849 parasceve
850 1780 903 1833 sub
921 1797 1054 1880 Bsorum
1069 1780 1266 1851 purificatione
1288 1779 1375 1852 343
1394 1797 1456 1851 quae
1469 1781 1521 1836 etsi
1534 1780 1562 1835 iu
1585 1780 1679 1851 patria
1693 1782 1782 1853 ipsius

94 1850 163 1905 unica
177 1852 322 1905 duntaxat
337 1850 431 1921 speeie
446 1849 682 1905 communicaret.
958 1851 1094 1921 Magistri,
1111 1855 1141 1906 et
1152 1851 1273 1906 luctasse
1288 1851 1355 1906 alibi
1368 1850 1496 1906 florentin
1506 1857 1607 1907 sancta
1617 1868 1779 1922 parasceve,

120 1922 431 1977 salonentianae
453 1924 488 1975 ud
501 1921 651 1976 Alcuinum
666 1919 770 1991 legitur
785 1920 903 1985 silenda·
959 1927 1056 1977 tamen
1082 1924 1178 1977 Romae
1195 1922 1301 1977 fiebant
1322 1921 1425 1976 leriab
1445 1922 1473 1976 in
1492 1923 1580 1978 Coeua
1599 1923 1724 1987 Domini,
1751 1928 1784 1978 ut

92 1993 130 2064 qui
142 1992 197 2048 brec
206 1993 359 2064 subjungit
370 2009 377 2047 :
389 1938 477 2065 322
494 1992 552 2047 Pax
564 1992 675 2046 Domini
686 2008 746 2047 non
756 1991 905 2062 elicitpnt‘a
959 1997 1072 2048 constat
1087 2009 1124 2048 ex
1144 1992 1250 2048 Ordine
1275 1996 1414 2055 Romano,
1439 1992 1486 2046 uni
1507 1993 1568 2064 egit
1580 1994 1615 2049 de
1627 1994 1713 2066 hujus
1724 1993 1782 2049 diei

92 2080 140 2119 non
153 2072 315 2136 sequnntur
329 2066 430 2120 ascuto
441 2066 700 2119 cn‘cnnistanttnm.
959 2064 1140 2119 solemnitate
1155 2081 1161 2119 :
1175 2064 1276 2119 Eodem
1288 2064 1332 2119 die
1340 2063 1445 2118 altaria
1456 2065 1557 2134 tempti
1563 2068 1588 2119 et
1594 2066 1783 2136 parisitaster

119 2134 178 2191 ren.
195 2135 231 2189 Et
244 2136 464 2191 eamnrunirant
486 2150 591 2191 orriner.
609 2137 677 2189 'lam
703 2133 796 2189 clerici
816 2149 904 2216 quam
958 2134 1405 2205 pauimentaEcclesiaelocentur,
1421 2141 1447 2189 et
1463 2151 1527 2189 naso
1543 2134 1783 2192 Dominomorota

88 2204 151 2271 laici,
164 2209 193 2260 ut
207 2223 299 2277 supra
315 2222 348 2261 ex
361 2206 547 2276 Theodulpbo
562 2206 712 2276 probatum
723 2209 776 2261 est.
788 2205 862 2260 Olim
874 2205 903 2258 in
957 2206 1149 2278 parificentur.
1167 2206 1198 2260 ln
1208 2204 1310 2269 Callia,
1325 2210 1356 2260 ut
1367 2205 1484 2276 planum
1500 2210 1588 2262 estex
1603 2211 1703 2262 octaua
1718 2223 1784 2261 san·

88 2277 250 2332 monasterio
268 2278 422 2348 cujusdam
445 2277 553 2347 antiqui
575 2276 781 2331 monachorum
803 2276 902 2347 patris,
958 2277 995 2332 cti
1009 2276 1089 2403 Eligit
1104 2276 1303 2331 Noviomeusis
1318 2277 1440 2347 episcopi
1450 2277 1573 2332 bomilia
1584 2278 1619 2332 de
1633 2275 1783 2333 CoenaDn·

88 2347 126 2417 qui
140 2348 167 2402 iu
178 2349 341 2420 suaregula
355 2348 487 2419 Magister
501 2348 673 2417 appellatur,
688 2352 716 2402 et
733 2348 831 2403 floruit
846 2362 903 2402 non
958 2348 1040 2402 mini:
1060 2346 1081 2400 ’t
1086 2352 1205 2418 propter
1212 2347 1390 2404 humititatis
1397 2349 1522 2419 smmum
1531 2348 1781 2414 commendandam,

87 2418 396 2490 nultopostsanclum
418 2418 586 2490 Gregoriurn
603 2420 611 2473 Ι
630 2434 746 2489 papam,
771 2418 903 2474 monachi
958 2420 1241 2486 codrepcdercornrn
1258 2419 1388 2482 torit;ct
1408 2419 1720 2490 binaertqnodeodcm
1734 2420 1784 2475 dre
1862 2421 1864 2424 ’

86 2490 299 2545 cademsanctre
324 2506 491 2560 parasceves
513 2490 558 2544 dic
582 2490 844 2547 communicabant.
872 2493 905 2544 ut
958 2490 1781 2562 altariatempliqueparieteslaoontnrctoasapnrrfieantnr.

85 2560 181 2615 clarum
196 2567 291 2617 estex
307 2577 340 2615 ca
365 2603 371 2616 .
396 2560 430 2615 te
443 2562 547 2632 regule
562 2564 623 2632 ejus
639 2560 667 2615 in
685 2562 846 2616 Concordia
861 2577 904 2616 re·
958 2562 987 2615 lu
1005 2561 1052 2615 llis
1073 2561 1150 2624 ania,
1165 2566 1196 2615 ut
1212 2561 1322 2616 clarum
1343 2564 1387 2615 est
1400 2577 1434 2615 ex
1448 2565 1547 2616 sancto
1570 2561 1689 2629 lsidoro,
1705 2561 1756 2619 lib.
1774 2579 1782 2615 ι

86 2631 212 2701 galerum,
229 2648 298 2701 cap.
320 2578 364 2695 bg,
377 2631 392 2703 ἕ
406 2632 444 2686 l:
462 2634 653 2688 Sacramenta
678 2647 744 2687 oeno
756 2632 858 2687 altaris
873 2634 904 2685 in
957 2632 993 2688 de
1009 2579 1090 2687 utic.
1106 2631 1185 2701 eccl,
1201 2647 1264 2701 cap.
1280 2631 1325 2699 28,
1340 2647 1406 2686 cum
1418 2632 1454 2687 de
1466 2633 1568 2687 eadem
1581 2631 1653 2688 teria
1667 2631 1780 2687 scribit:

85 2703 667 2770 patenamaioreuitreafiniantur,atcnm
676 2704 904 2772 seniorectum·
958 2703 1028 2758 ilinc
1042 2709 1079 2757 ert
1089 2701 1162 2773 parad
1174 2702 1269 2759 eodem
1281 2704 1329 2759 dic
1337 2702 1454 2766 altaria,
1463 2703 1615 2774 temptione
1625 2706 1783 2774 penetrant

85 2772 128 2828 dui
136 2775 171 2830 ad
187 2774 354 2843 passionem
379 2776 525 2829 Ctrrr'stnrn
536 2774 714 2845 quesierant,
731 2777 769 2828 sit
782 2775 842 2843 ipso
857 2773 905 2828 dia
954 2776 1111 2846 pavimenta
1125 2774 1271 2841 beantur,
1283 2789 1400 2844 aoranae
1412 2774 1625 2844 purificantur,
1641 2788 1703 2845 qun
1716 2779 1784 2830 sont

86 2844 737 2907 mentitasnoettisrectnsnsatSabbatanobis
746 2860 902 2913 perrenor-
958 2848 1084 2901 Domino
1103 2851 1278 2901 consecrato.

86 2915 760 2984 reetr'anemtnnooosncrumentoapparentiam
769 2919 904 2986 quisenta
993 2917 1080 2971 Porro
1095 2916 1123 2970 in
1139 2914 1242 2971 Codice
1262 2916 1384 2979 lietoldi,
1400 2913 1429 2969 in
1445 2914 1502 2970 tine
1518 2915 1604 2987 hujus
1618 2914 1784 2971 solemnita-

86 2986 904 3069 (eriarctecturisnntsmecommanionereddantntapnn
958 2986 994 3041 tis
1009 2987 1068 3042 haec
1082 2987 1210 3041 notanda
1224 2991 1309 3045 sunt:
1325 2988 1363 3042 nt
1375 2988 1484 3068 repleta
1499 2995 1566 3042 snat
1585 2987 1728 3043 anirrerta.
1747 2988 1783 3042 Et

87 3066 176 3112 sertor
182 3062 398 3129 jamqneserta
408 3059 481 3129 seria
496 3063 526 3111 in
535 3058 602 3113 'aste
613 3056 692 3125 refici
705 3056 766 3112 sinc
777 3057 901 3112 Cbtasto.
956 3063 1019 3126 post
1029 3057 1177 3128 pontoium
1195 3056 1345 3127 Vesperont
1358 3061 1511 3112 amianas
1534 3058 1781 3140 nnqncpriaatim,

89 3132 200 3184 ttsecus
215 3128 293 3184 olim
308 3128 336 3182 in
355 3128 501 3200 Hispania.
526 3076 554 3183 ii
568 3128 684 3199 quidem
709 3127 759 3182 illo
784 3128 830 3183 die
851 3144 904 3182 nec
933 3135 1033 3195 ,etsie
1045 3130 1197 3183 ottduntod
1209 3144 1341 3183 mensam.
1357 3130 1464 3184 Eadem
1480 3074 1660 3185 habeamini
1676 3128 1783 3184 Ordine

86 3197 224 3254 Missurum
241 3199 403 3269 solemnia,
428 3215 479 3255 nec
490 3199 658 3253 communio
685 3200 901 3270 peragebantur,
923 3181 945 3233 (¹
959 3202 1099 3264 Romano,
1115 3215 1181 3254 cum
1197 3198 1291 3270 agitur
1305 3201 1340 3254 de
1351 3200 1404 3255 bac
1415 3199 1484 3256 teria
1500 3205 1589 3256 sexta.
1600 3201 1680 3265 Quod
1694 3199 1782 3259 lithu-

88 3270 314 3325 utmauilestum
328 3274 372 3325 est
386 3286 420 3326 ex
442 3270 561 3325 concilio
584 3269 722 3325 Toletano
742 3286 779 3329 iv.
800 3286 864 3324 can.
875 3272 903 3337 6,
958 3270 1042 3327 dieiu
1058 3270 1228 3340 quibusdam
1245 3270 1385 3333 Ecclesiis,
1399 3270 1507 3325 clericis
1524 3271 1583 3326 sive
1597 3269 1784 3326 monacbisin

87 3340 124 3394 ubi
138 3342 171 3396 de
188 3342 264 3397 seria
291 3346 371 3396 seila
382 3340 523 3412 passionis
534 3341 686 3397 dominicae
703 3341 762 3396 naec
776 3345 905 3396 statuun·
958 3341 1020 3412 ipso
1040 3342 1127 3395 cboro
1142 3340 1261 3412 genibus
1284 3340 1364 3396 flexis
1377 3343 1429 3396 sub
1444 3341 1558 3396 silentio
1574 3342 1703 3412 privatim
1718 3342 1784 3398 Vea-

86 3413 254 3484 turzldeoqne
265 3419 380 3480 oportet
395 3413 488 3468 eodem
500 3412 546 3465 die
555 3415 716 3483 nipsterinm
727 3412 905 3483 creciacensi
959 3429 1057 3484 peram
1072 3411 1269 3467 recitantibus.

86 3482 134 3547 ipre
146 3485 279 3539 Mminns
292 3483 398 3538 cunetis
409 3483 634 3537 annuntiandam
647 3483 904 3554 nolnitprndicori,
993 3482 1056 3538 298.
1066 3483 1193 3538 Sabbata.
1204 3480 1673 3538 DescribitursolemnitasSsbbali
1681 3482 1783 3539 sancti.

86 3561 155 3625 atpre
168 3554 539 3626 indntpentiamcriminnm
552 3555 906 3625 claranoceomnempopn·
995 3554 1056 3609 299.
1079 3554 1158 3609 liora
1168 3560 1277 3608 ortana.
1300 3553 1329 3607 ld
1344 3557 1396 3617 est,
1413 3554 1537 3608 secunda
1552 3554 1783 3623 postmeridiana,

88 3626 135 3677 lun
149 3628 343 3693 postularent
356 3625 755 3696 paenitentitrcampnncteone
767 3626 906 3693 mundati,
960 3625 1048 3680 Aliter
1067 3624 1095 3678 in
1110 3622 1230 3678 concilio
1243 3623 1465 3693 Rotbomageusi
1481 3640 1568 3694 supra
1588 3624 1676 3679 citato
1695 3624 1785 3680 :item

87 3698 259 3754 menonem
270 3697 342 3751 dirnr
355 3696 497 3751 dominice
506 3696 843 3752 rerurrectionirreminis
853 3697 908 3752 ini·
959 3702 1092 3750 rtatntinn
1107 3702 1146 3749 cst
1164 3701 1194 3748 nt
1204 3695 1328 3750 Sabbata
1342 3695 1452 3751 Parcite
1466 3695 1591 3764 officinm
1605 3702 1672 3751 ante
1682 3711 1784 3751 ironam

86 3769 225 3836 quitatibus
232 3769 376 3838 smcipeie
389 3771 731 3838 mereamor,eorporisqne
741 3770 800 3838 ejas
809 3776 836 3824 et
846 3784 908 3821 son·
961 3783 1018 3822 non
1031 3766 1198 3835 incipiatur.

86 3841 167 3906 pomis
179 3847 388 3896 sacramentnm
404 3840 504 3893 mnndi
515 3854 532 3894 a
552 3845 662 3909 peccato
683 3855 840 3893 sumsimus.
855 3838 906 3895 Ubi
996 3837 1057 3893 300.
1071 3837 1194 3893 Notnrit'.
1209 3835 1316 3891 Notarii
1343 3836 1396 3891 hoc
1415 3835 1477 3892 loco
1500 3841 1568 3892 sunl
1599 3836 1699 3892 scribas
1713 3835 1786 3907 epis-

88 3908 153 3964 rides
167 3911 222 3967 boc
235 3912 288 3966 die
301 3908 441 3982 passionis
456 3910 659 3981 postulandam
672 3926 734 3965 esse
752 3909 906 3964 criminum
962 3908 1036 3979 copi,
1052 3908 1109 3978 qui,
1126 3913 1157 3963 ut
1171 3907 1334 3977 plurimum,
1347 3909 1568 3963 assumebantur
1589 3924 1622 3963 ex
1644 3908 1785 3962 lectorum

86 3978 304 4053 indulgentiam,
321 3986 351 4035 ut
363 3981 514 4037 dominice
524 3980 792 4036 resurrectionisdie
804 3997 906 4051 corpus
961 3979 1091 4051 collegio.
1109 3980 1149 4034 lta
1165 3978 1193 4033 in
1210 3978 1385 4033 bibliotheca
1400 3978 1507 4039 Photii.
1518 3995 1597 4034 uum.
1611 3979 1674 4043 256,
1690 3978 1719 4034 in
1735 3980 1787 4035 Po·

86 4054 230 4134 etsnnguis
245 4052 366 4108 Domini
376 4057 537 4107 sumantur.
550 4053 581 4106 ld
594 4051 681 4106 eliam
696 4052 803 4106 clarum
815 4056 858 4107 est
872 4069 906 4106 ex
961 4050 1023 4106 litia
1037 4055 1202 4107 sanctorum
1223 4049 1417 4120 Metropbauis
1430 4053 1459 4104 el
1477 4050 1642 4114 Alexandri,
1656 4050 1786 4105 ridemus

86 4123 197 4178 coneilio
212 4124 358 4179 Toletano
375 4140 429 4185 xri,
445 4139 509 4178 ean.
520 4124 557 4177 8.
573 4123 698 4194 Excepto
712 4123 848 4178 Passionis
862 4123 907 4178 do-
961 4123 1077 4177 Paulum
1093 4121 1227 4176 lectorem
1243 4124 1271 4175 et
1285 4120 1429 4175 notarium
1445 4120 1577 4176 Ecclesiae
1586 4121 1787 4177 Constantino

86 4193 246 4261 eiciendis,
273 4194 363 4248 nando
376 4193 480 4249 altaria
491 4194 765 4265 nadctaperristnnt‚
776 4209 827 4249 nec
842 4196 907 4249 cui·
962 4192 1104 4264 politanae,
1120 4192 1166 4262 qui
1183 4197 1281 4262 postea
1295 4190 1348 4245 luit
1365 4192 1493 4274 ejusdem
1518 4191 1649 4247 Ecclesiae
1668 4193 1787 4262 patriar-

86 4278 156 4333 pann
168 4266 198 4319 in
260 4283 305 4320 em
315 4265 362 4320 die
373 4266 528 4320 Minorem
539 4266 599 4320 licet
607 4264 743 4321 solemnio
753 4264 904 4321 celebrare.
961 4265 1032 4329 clia3
1049 4264 1163 4332 etapud
1188 4263 1358 4326 tinuodinm,
1381 4278 1411 4317 in
1432 4262 1497 4317 Vita
1520 4263 1612 4318 sancti
1636 4261 1787 4333 Epiphanii

114 4336 152 4391 lie
163 4337 227 4407 quis
239 4341 342 4391 autern
356 4336 433 4390 dicat
444 4352 500 4390 non
514 4335 600 4391 licere
610 4335 725 4406 quidem
738 4351 771 4391 eo
787 4335 832 4391 die
845 4352 908 4390 cor·
961 4333 1084 4417 episcopi
1094 4333 1257 4389 ticinensis.
1274 4336 1344 4388 Nam
1361 4333 1408 4388 ubi
1430 4333 1544 4405 scripsit
1562 4351 1626 4390 eum
1651 4335 1786 4390 allectum

86 4421 130 4475 pus
143 4413 171 4462 et
183 4407 362 4478 sanguinem
379 4406 482 4461 Christi
492 4422 670 4474 consecrare,
685 4407 735 4462 sed
765 4423 827 4462 osse
841 4422 906 4461 cum
962 4404 1083 4460 luissein
1097 4405 1235 4460 lecturum
1244 4404 1420 4469 sodalitium,
1439 4406 1524 4475 paulo
1537 4411 1601 4478 post
1614 4404 1783 4478 subjungit:

86 4478 328 4545 presanctilicatis
337 4476 486 4543 celebrari,
495 4478 611 4532 obstant
625 4477 684 4532 brec
695 4424 790 4544 veiga,
798 4478 908 4550 qnando
961 4476 1106 4533 Nolanum
1122 4476 1152 4531 in
1164 4476 1306 4557 sententia
1318 4477 1499 4544 compendia,
1515 4483 1539 4531 et
1562 4477 1674 4547 fipnrus
1687 4476 1787 4531 vomas

85 4548 182 4605 maria
196 4551 313 4605 natata
320 4552 483 4617 persistant.
495 4549 556 4603 Nou
567 4552 660 4619 potest
669 4548 747 4603 enim
758 4548 905 4616 celebrari,
925 4526 947 4584 ι)
962 4548 1106 4603 verborum
1118 4547 1334 4602 multitudinem
1351 4546 1612 4615 comprehendentes
1626 4547 1706 4604 breti
1717 4563 1788 4602 asse-

86 4617 164 4674 etiam
180 4619 517 4691 cumpraesanctilicatis,
531 4621 641 4675 nudato
654 4619 737 4674 altari
764 4622 905 4675 Stantem
961 4621 1082 4685 ectasin
1093 4618 1286 4686 acceptatam
1303 4632 1427 4673 numera
1449 4617 1594 4673 delamtnt
1605 4618 1722 4673 enituit.
1737 4616 1787 4672 Ubi

87 4687 129 4744 illo
143 4690 188 4747 die
201 4693 294 4746 Missa
313 4708 370 4745 non
387 4692 556 4755 «terebratur,
572 4706 625 4745 nec
644 4690 822 4756 communio,
846 4708 908 4761 quse
963 4695 1126 4760 exceptores
1140 4697 1206 4743 sont
1221 4686 1415 4743 notarii‘dicti
1430 4687 1466 4743 ab
1484 4688 1540 4742 illis
1562 4693 1695 4743 notarum
1710 4704 1787 4744 coiu-

86 4760 147 4815 oiim
166 4762 196 4818 in
207 4761 338 4818 basilicis
351 4779 402 4818 seu
416 4760 541 4819 ecclesiis
551 4766 631 4817 extre
641 4761 792 4817 Missurum
805 4762 906 4817 solem·
982 4761 1074 4816 endiis
1088 4762 1123 4816 de
1135 4777 1256 4831 quorum
1272 4760 1301 4815 in
1316 4757 1464 4814 scribendo
1485 4760 1634 4815 velocitate
1648 4758 1788 4817 Martialis

87 4831 129 4885 nia
138 4848 194 4888 non
209 4835 392 4889 sumebatur.
963 4778 1012 4888 lin.
1026 4833 1078 4887 tt:

117 4903 174 4959 m-
190 4905 430 4976 Etcoepleltttttnt
443 4904 587 4960 universa.
599 4905 629 4959 ln
642 4903 730 4959 Edllls
738 4902 798 4959 haec
807 4918 909 4975 seqllll·
1041 4919 1153 4971 Currant
1166 4918 1247 4967 verba
1257 4918 1327 4975 licet,
1341 4931 1438 4967 manus
1450 4920 1492 4967 est
1504 4917 1622 4969 velocior
1633 4918 1694 4973 illis,

86 4975 147 5026 tar:
161 4978 213 5030 lior
225 4978 309 5044 sacto
324 4975 391 5030 dicit
413 4974 557 5044 pontifex:
573 4975 604 5029 ln
624 4976 741 5031 nomine
769 4974 869 5039 Patris,
882 4979 910 5031 et
1072 4981 1197 5030 Nondum
1210 4980 1303 5044 lingua
1314 4994 1403 5037 suum,
1412 4979 1519 5030 dexteru
1530 4980 1634 5046 peregit
1649 4994 1727 5046 opus.

88 5040 154 5127 Filii.
168 5050 197 5100 ct
209 5047 336 5117 Spiritus
345 5046 447 5108 sancti,
472 5062 534 5117 que
545 5045 573 5100 in
591 5046 676 5102 nullis
696 5045 845 5101 (lodicibus
860 5062 909 5101 no·
963 5062 997 5118 gc
1010 5061 1162 5129 Amnius,
1178 5060 1387 5133 epigrammate
1399 5060 1461 5117 137·

87 5117 451 5205 “m,m⁸³·¹'⁰f'².¹'iu¹¹l¹¹‘·.
593 5187 599 5199 .
707 5187 712 5198 .
806 5187 811 5198 .
1150 5149 1219 5198 Puer
1236 5152 1531 5221 notrarnmpreepetum

117 5186 177 5243 291.
188 5189 279 5243 Νιιάα
289 5193 347 5242 rint
361 5189 477 5244 altono.
496 5188 619 5244 Nudatm
630 5187 764 5243 altarium
775 5187 843 5242 olim
858 5188 909 5243 lie·
1151 5211 1238 5261 3010OE
1253 5215 1375 5261 mmmm
1389 5211 1487 5261 advola

88 5254 131 5311 bat
143 5258 197 5313 bac
209 5258 286 5314 leria
303 5260 330 5323 d,
347 5263 379 5314 ut
389 5258 484 5315 videre
499 5264 542 5315 est
555 5261 581 5315 in
594 5258 694 5330 regula
706 5257 831 5324 Magistri
843 5275 908 5325 ms,
1152 5273 1276 5334 ssipiatens
1289 5274 1405 5337 pugillar
1422 5250 1525 5335 expelli,

89 5342 144 5397 cap.
165 5330 210 5393 13,
235 5331 268 5384 in
285 5329 441 5385 Concordia
471 5332 648 5402 regularum,
665 5347 728 5400 cap.
743 5332 789 5393 56,
805 5330 858 5400 tt,
880 5334 911 5384 in
1152 5335 1198 5385 Cui
1213 5335 1298 5385 multa
1310 5336 1382 5385 laudi
1398 5337 1486 5399 copia,

89 5400 222 5467 acroteria
235 5412 317 5455 sarm
331 5400 434 5457 altaris
445 5403 580 5466 uelamen,
594 5401 637 5457 nel
647 5401 776 5456 itioersas
791 5402 912 5456 oratorii
1152 5396 1260 5446 Punetis
1275 5402 1382 5461 peracta
1396 5398 1518 5472 singulis.

88 5473 414 5539 ornatusmbtrobatnr,
425 5474 545 5528 simulet
556 5474 715 5536 lacerarent
731 5470 860 5526 cicendeli
872 5478 912 5527 to·
1155 5460 1189 5509 Ul
1205 5473 1319 5509 ¹¹¹¹³V⁰¹
1334 5461 1489 5515 ⁸b⁸0¹t¹¹ll¹b
1507 5464 1558 5512 02⁰·

91 5544 224 5597 tanintrn
234 5541 760 5616 monasterinmnegeturarpectosDbi
773 5542 913 5611 particula
969 5544 1089 5598 Sanctus
1104 5541 1301 5611 Hieronymus,
1316 5539 1397 5611 epist.
1424 5544 1459 5594 ad
1473 5541 1628 5601 lulianum,
1646 5544 1725 5593 loino
1739 5540 1794 5610 pri·

90 5611 126 5663 ttl
135 5615 261 5668 sumitur
276 5614 444 5685 copulative.
466 5615 520 5670 Sed
536 5614 710 5669 luitdiversa
722 5614 907 5666 consuetudo.
972 5630 1019 5666 nio
1037 5614 1097 5671 :Et
1115 5620 1205 5667 terram
1225 5610 1272 5666 ille
1286 5618 1410 5678 ttpnttttto
1435 5614 1547 5666 stataria
1570 5611 1677 5678 repetat
1703 5611 1791 5680 niqui,

91 5679 158 5737 liam
172 5684 247 5739 olim
266 5685 351 5741 etiam
371 5684 401 5741 iu
415 5685 586 5758 quibusdam
601 5684 671 5740 locis
687 5683 869 5739 nudabantur
882 5683 909 5738 in
982 5698 1026 5739 nze
1033 5682 1157 5739 uelociter
1166 5683 1241 5738 edita
1248 5688 1468 5763 consequeretur
1478 5698 1585 5748 manns,
1595 5690 1619 5737 et
1632 5681 1736 5763 linque
1750 5699 1794 5738 ce·

93 5750 319 5828 CoeuaDumiui,
333 5763 364 5815 ut
384 5774 460 5815 nuuc
479 5754 748 5835 ;quemad1n0dum
762 5754 913 5812 ridereest
964 5701 1111 5814 {critatem
1131 5754 1300 5853 prenderent
1317 5767 1396 5839 segon
1411 5750 1567 5815 mitorum.
1594 5753 1726 5827 Eteptst.
1756 5754 1794 5819 ad
