4136 6180
108 518 203 556 ranon
218 504 350 572 potuistis
362 506 477 578 vigilare
497 526 622 578 mecum,
638 516 684 585 qui
698 518 928 578 exhortabamini

5 594 6 597 ¹
109 573 175 627 mori
188 590 238 653 pro
260 592 319 632 me.
340 579 389 634 Vel
404 580 505 634 tudam
523 599 580 638 non
591 587 701 658 urdetis,
714 595 858 659 quomodo
870 610 928 649 nou

5 708 7 733 ,
109 645 220 708 dormit,
235 647 284 700 sed
301 647 416 703 lestinat
427 653 539 709 trudere
551 672 596 711 ine
606 659 719 714 tndoeis.
733 661 806 716 Veis.
818 663 929 720 [lorini-

108 720 135 769 te
142 716 215 787 jam.
228 721 256 771 et
269 720 445 789 requiescite,
476 741 540 781 ecce
567 730 808 803 appropinquabit
820 737 868 807 qui
881 753 928 793 me

108 786 260 843 traditurus
273 795 324 845 est.
343 791 390 846 t'el
405 794 520 852 tudam.

369 890 403 944 ln
423 896 504 949 tertio
516 903 659 953 nocturno.

138 981 255 1062 antiph.
272 984 333 1039 Dixi
349 985 453 1058 iniquis
470 1006 476 1044 :
493 992 587 1049 Nolite
603 994 680 1067 toqui
692 999 927 1057 adrersnsDenm

107 1050 929 1133 iniquitatemPsot.Contitebimur.Ant.Tcrratremuitet

107 1129 221 1204 quierit,
237 1126 307 1180 dum
317 1133 513 1202 resurgeretiu
523 1136 666 1208 judiciuin
687 1142 769 1201 Deus.
787 1143 861 1200 Prot.
873 1146 928 1199 No·

106 1196 150 1248 tus
163 1211 192 1248 in
211 1197 320 1253 Judaee.
332 1201 400 1257 Ant.
412 1204 441 1257 ln
456 1204 502 1259 die
521 1208 715 1266 tribulationis
729 1230 812 1279 mere,
837 1217 927 1271 Deum

107 1265 240 1349 exquisiri
255 1271 388 1327 manibus
403 1275 485 1331 meis.
497 1276 571 1333 Prot.
595 1281 669 1338 Voce
685 1300 761 1341 meo.
780 1285 855 1343 Vera
872 1289 926 1344 Ho-

106 1352 152 1392 mo
163 1354 242 1409 pacis
256 1356 340 1400 mere.

421 1443 612 1516 Responrorio.

140 1531 217 1603 Mesp.
230 1535 361 1594 Seniores
371 1542 467 1611 populi
477 1545 630 1603 consilium
646 1548 774 1606 lecerunt
786 1556 817 1607 ut
828 1555 927 1610 lesum

108 1601 170 1658 dolo
183 1609 315 1662 tenerent
327 1614 355 1663 et
365 1612 534 1671 occiderent.
547 1620 617 1673 Cum
631 1620 733 1747 qtadiis
761 1629 790 1678 et
804 1623 925 1681 lostibus

108 1674 440 1750 exierunttanquamad
457 1686 607 1743 latronem.
657 1710 708 1747 err.
730 1694 925 1768 Congregave-

106 1816 215 1886 gladiis.

106 1892 179 1943 terro
192 1891 329 1948 adversus
342 1912 408 1950 eum
432 1907 593 1971 consurget,
618 1909 646 1960 et
660 1906 848 1963 manifestum
871 1910 923 1965 erit

104 1964 249 2039 peccatum
263 1963 379 2021 illiusin
392 1967 439 2023 die
463 1970 566 2028 luroris
591 1975 714 2041 Domini,
731 1979 849 2034 cumeis
875 1981 923 2051 qui

105 2032 234 2111 dixerunt
249 2033 370 2091 Domino
394 2056 459 2101 meo
476 2058 481 2096 :
498 2044 606 2100 Decede
621 2064 638 2101 a
655 2048 745 2115 nobis,
774 2049 922 2106 scientiam

103 2117 210 2157 riarum
228 2110 340 2162 tuarum
357 2110 500 2171 nolumus.
523 2116 598 2171 Vero.
623 2118 688 2173 Fiat
702 2137 803 2176 mensa
823 2138 921 2178 eorum

103 2188 197 2228 coram
212 2174 280 2245 ipsis
297 2177 325 2234 in
342 2179 486 2251 laqueum.
514 2190 540 2241 et
569 2189 599 2241 in
621 2189 822 2247 retributiones
851 2193 921 2249 etin

102 2245 278 2303 scandalum.
289 2248 359 2305 Com
375 2252 425 2307 eis.
441 2255 519 2327 nesp.
535 2259 605 2313 Εεεε
620 2263 713 2326 turbo,
730 2268 758 2318 et
779 2263 828 2334 qui
842 2282 923 2320 voca-

102 2313 184 2369 batur
198 2318 297 2383 tudas,
309 2322 395 2391 venit,
407 2333 434 2380 et
444 2326 512 2381 dnm
526 2332 813 2403 appropinquaretad
824 2336 922 2391 lesum

103 2389 133 2439 nt
146 2402 214 2468 eum
226 2391 412 2459 oscularetur,
421 2395 502 2453 lesus
513 2399 584 2455 dixit
594 2404 631 2457 ad
644 2421 709 2459 enm
725 2422 731 2459 :
744 2407 828 2469 tudo,
843 2424 923 2463 oscu-

103 2455 130 2536 lo
143 2459 231 2539 tradis
242 2461 342 2517 Vitium
359 2464 484 2523 hominis
494 2472 532 2524 ad
543 2472 777 2543 crucifigendum.
799 2477 869 2532 Vera.
883 2478 924 2534 Fi·

104 2527 156 2583 lius
168 2531 284 2598 quidem
296 2534 421 2592 bominis
431 2539 518 2603 vadit,
529 2542 601 2598 sicut
611 2544 799 2616 scriptumest
810 2550 845 2604 de
855 2549 920 2606 illo:

103 2599 149 2653 Vre
163 2599 273 2658 bomini
288 2604 329 2659 illi
345 2624 493 2680 perquem
507 2616 616 2670 badar.
631 2618 918 2744 ddcruciliqendum.

103 2670 179 2742 Rrsp.
195 2673 218 2727 0
232 2674 329 2741 iudas,
347 2679 437 2751 779
452 2682 500 2753 qui
515 2685 690 2758 dereliquisti
703 2690 782 2745 consi
795 2692 853 2747 ium
878 2709 924 2764 pa·

254 1836 307 1891 erp.
325 1823 501 1882 Revelabunt
515 1832 577 1885 cccli
593 1831 773 1905 iniquitatem
790 1839 878 1904 tudae,
897 1844 925 1893 ει

103 2742 142 2797 cis
151 2760 162 2805 ;
171 2746 271 2824 etcum
283 2747 392 2803 iudaeis
408 2754 574 2811 consiliatus
587 2775 627 2824 es,
651 2759 767 2832 triginta
780 2763 923 2835 argenteis

102 2814 252 2870 vendidisti
265 2819 436 2891 sanguinem
441 2824 564 2895 justum,
573 2833 602 2883 et
613 2832 689 2900 pacis
705 2829 923 2891 osculum'lere·

101 2883 235 2955 basque
246 2888 357 3013 [quarn]
371 2892 398 2947 in
418 2901 530 2976 pectore
556 2915 612 2955 non
629 2902 764 2985 habebas.
784 2904 859 2963 Vers.
872 2906 923 2988 Ve-

99 2971 150 3008 rex
161 2956 246 3012 dator
270 2960 418 3028 allecibus,
432 2983 509 3035 pium
521 2970 769 3044 flagellatimpius.
787 2978 822 3031 Et
835 2993 921 3047 pacis.

106 1751 170 1799 runt
184 1746 365 1875 iniquitatem
381 1753 445 1820 sibi,
459 1761 488 1812 et
512 1761 733 1830 egrediebantur
749 1765 837 1820 lorus.
854 1770 924 1823 Cnm
940 1749 963 1808 Β

5 324 6 329 .
112 226 164 288 rer
757 241 863 307 rnna
883 242 1138 319 eunomius.
1623 230 1634 253 '
1751 268 1806 335 roe

109 360 564 434 adversornmecogitabantmala
576 368 789 437 miblrrerbum
798 377 928 450 iniquum
944 386 968 446 A

5 444 7 489 ζ
109 431 316 487 mundaverunt
331 437 484 491 adversum
498 440 702 500 medicantes
721 448 793 519 Rrsp.
809 450 869 505 Una
879 452 927 506 bo-

1252 392 1331 450 Verre'
1345 394 1533 455 declinatorit.

1022 475 1095 532 Vero.
1118 480 1210 535 Homo
1224 483 1302 564 pacis
1317 503 1399 541 mure.
1432 487 1504 543 Veri.
1536 488 1682 570 dederunt
1695 488 1808 564 linguas

982 562 1057 605 suas.
1079 548 1152 607 Vere.
1165 553 1292 611 Cluistus
1308 556 1400 612 lactus
1414 562 1457 614 cst
1471 562 1630 630 pronubis.

1292 645 1328 699 In
1340 647 1497 717 Eoonqetr'o.

1017 726 1126 796 Antipb.
1141 727 1325 786 crepantibus
1338 738 1445 796 autem,
1463 737 1571 807 occepit
1585 739 1666 793 lesus
1682 756 1806 809 punem;

981 795 1127 851 benedixit
1139 816 1172 854 ac
1186 800 1278 871 lregit.
1298 804 1377 858 dedit
1405 806 1550 887 discipulis
1578 809 1646 863 suis.
1675 812 1741 865 Ant.
1756 815 1806 867 dc·

981 873 1063 937 cepto
1074 885 1147 939 poue
1161 870 1249 927 tudes
1265 874 1383 929 tradidit
1399 876 1562 946 Dominum,
1579 880 1651 934 sicut
1671 882 1806 951 promise-

980 942 1028 992 rat
1055 940 1227 1011 principibus
1256 947 1446 1002 sacerdotnm.
1475 952 1536 1003 Ant.
1553 951 1582 1006 Si
1601 950 1675 1007 male
1694 953 1805 1010 locutus

982 1025 1056 1072 sum,
1067 1012 1183 1080 perbibe
1193 1016 1388 1072 testiinonium
1401 1035 1407 1081 ;
1420 1020 1442 1072 si
1456 1026 1551 1074 autem
1580 1023 1661 1083 benc,
1699 1023 1747 1079 uid
1759 1041 1805 1080 me

981 1040 1805 1162 credistitutcoenelactaest,dixittesusdiscipiiiissuis:

980 1152 1083 1217 dinen,
1096 1169 1181 1211 amen
1195 1156 1257 1212 dico
1273 1159 1360 1214 robis.
1377 1177 1449 1216 unus
1472 1166 1599 1218 restrum
1623 1165 1679 1231 bic,
1696 1166 1743 1237 qui
1760 1183 1806 1224 me

982 1223 1139 1279 traditurus
1150 1231 1192 1281 est
1205 1226 1233 1281 in
1251 1229 1303 1284 bac
1317 1237 1408 1286 nocte.
1422 1233 1488 1288 Ant.
1503 1236 1669 1290 Mandatum
1698 1254 1805 1293 novum

981 1294 1018 1348 do
1032 1294 1123 1361 robis,
1140 1301 1171 1351 ut
1183 1298 1308 1370 diligatis
1319 1301 1440 1358 invicem
1459 1305 1532 1361 sicut
1547 1306 1633 1362 dilexi
1657 1325 1715 1373 vos,
1737 1308 1806 1365 dicit

980 1365 1129 1422 Dominus.
1140 1368 1208 1423 Ant.
1220 1370 1378 1443 Diligamus
1394 1391 1445 1428 nos
1456 1376 1588 1441 invicem,
1603 1379 1671 1448 qnia
1680 1379 1805 1436 charitas

981 1452 1015 1492 ex
1031 1439 1088 1493 Deo
1099 1443 1142 1494 est
1155 1458 1162 1505 3
1176 1441 1263 1512 etqui
1279 1443 1371 1514 diligit
1387 1444 1506 1501 fratrem
1522 1465 1615 1513 sunm,
1633 1466 1668 1506 cx
1684 1451 1742 1506 Deo
1755 1468 1805 1506 na-

979 1510 1025 1562 tus
1038 1512 1090 1574 est,
1107 1514 1136 1565 et
1151 1510 1222 1566 uidit
1238 1514 1403 1570 Dominum.
1419 1517 1484 1572 Ant.
1514 1518 1542 1572 Si
1557 1535 1609 1589 ego
1625 1521 1763 1576 Dominus
1776 1526 1805 1578 et

979 1579 1111 1651 Magister
1125 1587 1217 1637 vester
1232 1583 1287 1639 lavi
1299 1584 1378 1640 robis
1405 1590 1500 1656 pedes,
1523 1594 1631 1659 quanto
1647 1593 1738 1662 magis
1753 1608 1803 1648 vos

980 1650 1088 1705 debetis
1099 1652 1297 1710 alteralterius
1310 1656 1405 1713 lavare
1416 1661 1501 1726 pedes
1515 1659 1605 1715 litut.
1619 1663 1650 1716 ln
1664 1661 1802 1719 diebusil·

979 1720 1013 1776 lis
1027 1721 1130 1777 mulier
1142 1740 1204 1794 quie
1218 1732 1278 1781 crat
1292 1727 1445 1785 incivitate
1459 1732 1608 1799 peccatrix,
1625 1738 1657 1787 ut
1671 1734 1803 1805 cognorit

978 1793 1054 1862 quod
1069 1795 1150 1849 Jesus
1162 1798 1293 1852 accubuit
1304 1798 1333 1852 in
1346 1800 1432 1855 domo
1442 1801 1569 1857 Simonis
1581 1803 1696 1873 leprosi,
1707 1804 1804 1861 attolit

978 1863 1154 1919 alabastrum
1168 1869 1303 1938 unguenti
1320 1887 1326 1933 ;
1342 1876 1370 1924 et
1383 1875 1462 1927 stans
1477 1878 1552 1928 retro
1563 1890 1642 1929 secus
1655 1877 1740 1945 pedes
1750 1877 1806 1932 Do-

977 1934 1048 1988 mini
1061 1937 1134 1999 tesu,
1149 1936 1282 2008 lacrymis
1293 1941 1376 2011 coepit
1390 1940 1482 2011 rigare
1493 1944 1578 2014 pedes
1594 1946 1665 2015 ejus
1678 1953 1706 2002 et
1716 1947 1801 2016 capil-

977 2004 1010 2059 lis
1026 2005 1126 2075 eapitis
1138 2008 1180 2062 sui
1195 2011 1333 2080 tergebat,
1360 2012 1451 2084 700
1473 2019 1502 2069 et
1516 2016 1700 2071 osculabatur
1714 2019 1802 2086 pedes

976 2076 1049 2148 ejus,
1063 2082 1091 2132 et
1105 2085 1248 2151 unguento
1261 2084 1393 2153 ungebat.
1414 2086 1482 2140 Ant.
1512 2086 1662 2157 Postquam
1679 2089 1802 2144 surrexit

977 2148 1115 2203 Dominus
1130 2166 1147 2204 ε
1162 2166 1253 2217 crena,
1269 2154 1347 2208 misit
1362 2171 1466 2224 aquom
1483 2155 1512 2211 in
1528 2157 1644 2226 pelvim,
1660 2158 1746 2229 coepit
1758 2161 1802 2215 la-

976 2235 1042 2273 uare
1076 2221 1141 2275 edes
1153 2221 1366 2294 discipulorum.
1380 2227 1437 2281 Moe
1447 2229 1608 2298 exemplum
1632 2230 1712 2283 dedit
1725 2229 1801 2303 [Dete

975 2237 1076 2363 dediti),
1092 2291 1206 2362 reliquit
1218 2295 1267 2349 eis.
1284 2297 1351 2351 rint.
1370 2297 1420 2352 Ubi
1435 2297 1577 2355 tratresin
1594 2300 1801 2370 unumglorili·

976 2365 1044 2416 cant
1060 2363 1222 2429 Dominum,
1239 2365 1277 2420 ibi
1294 2367 1374 2423 dabit
1392 2369 1527 2424 Dominus
1550 2372 1796 2430 benedictionem.

975 2432 1041 2487 Ant.
1060 2434 1249 2507 Congregarit
1266 2453 1317 2492 nos
1341 2439 1469 2495 Christus
1485 2442 1520 2495 od
1537 2442 1757 2511 glorificandum
1771 2460 1802 2500 εε

975 2503 1079 2574 ipsum.
1092 2505 1185 2576 lteplc,
1197 2506 1327 2574 Domine,
1336 2512 1800 2585 animusnostressunctoSpiritu.

974 2593 1139 2664 Antiphone
1149 2603 1173 2650 et
1187 2597 1376 2725 Responroriot
1395 2601 1426 2654 de
1440 2601 1597 2658 Porosoeoe.
1612 2634 1648 2645 -
1662 2605 1696 2658 In
1707 2603 1801 2674 primo

1317 2687 1365 2725 noc
1379 2688 1460 2727 tirno.

1011 2753 1125 2824 Antiptr.
1136 2754 1294 2812 Astiterunt
1308 2774 1388 2830 reges
1413 2765 1508 2825 terrm,
1530 2769 1558 2818 ct
1583 2763 1724 2838 principes
1738 2782 1802 2822 con·

976 2829 1114 2879 venerunt
1131 2825 1160 2879 in
1173 2843 1274 2893 ouum,
1287 2832 1422 2886 adversus
1447 2833 1600 2888 Dominum
1623 2842 1652 2891 et
1666 2840 1801 2894 adversus

978 2895 1119 2951 Cbristum
1132 2897 1203 2970 ejus.
1216 2900 1319 2955 Protm.
1333 2903 1426 2967 Quare
1442 2904 1631 2961 tremuerunt.
1645 2910 1710 2963 Ant.
1730 2907 1803 2962 Diri-

977 2967 1140 3022 seruntsibi
1156 2969 1326 3027 vestimenta
1343 2991 1417 3036 mea,
1440 2980 1468 3029 et
1483 2993 1567 3046 super
1581 2983 1689 3033 vestem
1707 2996 1803 3035 meam

97 3025 174 3098 Resp.
186 3028 271 3085 Facta
286 3038 330 3088 est
344 3034 441 3107 lingua
456 3038 618 3110 iniquorum
636 3044 818 3102 frandulenta
830 3047 858 3101 in
873 3064 923 3102 ore
978 3038 1120 3094 miserunt
1135 3045 1253 3122 δθξῑθῐῦ·
1264 3044 1462 3128 Ptsslmgssssusy
1477 3047 1549 3101 00⁰³
1568 3066 1657 3130 meus.
1672 3052 1741 3133 Ant.
1758 3051 1802 3132 ln·

97 3096 234 3178 ipsorum,
246 3107 274 3156 et
286 3102 476 3175 loquebantur
491 3114 682 3171 mendacium,
695 3117 801 3172 omnes
814 3117 843 3173 qn
859 3134 922 3174 san.
940 3108 962 3167 C
977 3115 1161 3166 surrexerunt
1172 3130 1199 3166 in
1209 3131 1255 3169 me
1271 3119 1356 3171 testes
1368 3117 1468 3187 iniqui,
1478 3122 1506 3172 et
1522 3124 1643 3175 mentita
1654 3125 1804 3192 estrniqur·

5 3156 7 3241 ᾗ
96 3184 182 3238 gurne
197 3170 321 3229 insidiati
332 3183 399 3233 sunt
413 3179 624 3254 virumJnstum
640 3188 794 3243 venundati
809 3190 921 3244 suntad

5 3250 7 3299 ζ
98 3246 230 3296 mortem.
245 3245 306 3314 lpse
319 3253 415 3304 autern
429 3253 546 3321 purifica
559 3258 643 3312 rerba
654 3258 866 3328 loquebaturad
875 3262 922 3315 tu-

99 3308 188 3391 dieos.
208 3312 283 3372 Vere.
299 3318 373 3383 Quid
388 3338 433 3376 me
444 3325 572 3393 quaeritis
586 3327 755 3394 interficere,
772 3331 921 3387 bominem

100 3395 147 3448 qui
161 3398 227 3437 vera
239 3383 350 3443 locutus
360 3407 424 3446 sum
440 3395 544 3452 robist
561 3400 621 3467 lpse
636 3404 743 3455 antem.

136 3451 246 3534 dntipb.
264 3459 441 3527 tostitlceris,
461 3468 632 3533 bominem
658 3472 838 3528 sermonibus
854 3476 919 3541 tuis,

105 3524 133 3573 et
146 3539 237 3604 vincas
251 3544 315 3584 cum
327 3533 476 3603 judicaris.
501 3537 602 3596 Psotm.
619 3541 750 3598 Miserere
770 3543 836 3599 mei.
852 3546 918 3603 Ant.

106 3589 236 3650 Dominus
250 3602 387 3671 tanquam
404 3606 464 3662 ovis
484 3609 519 3662 ad
543 3610 687 3666 victimam
701 3617 800 3669 ductus
823 3621 877 3681 est,
892 3623 920 3674 et

111 3676 161 3718 non
175 3670 282 3748 aperuit
294 3689 325 3727 os
337 3691 430 3730 sunm.
447 3679 519 3734 Prot.
536 3683 664 3749 Domine,
680 3684 833 3756 retugium.
850 3691 918 3746 dot.

113 3733 256 3795 Contrrtum
276 3748 320 3798 est
333 3761 382 3800 cor
396 3764 493 3805 meum
506 3751 534 3805 in
551 3754 646 3808 medio
660 3755 726 3821 mei,
740 3763 919 3816 contremue-

112 3810 170 3860 runt
180 3811 274 3868 omnin
288 3831 354 3870 ossa
367 3833 441 3873 mea.
452 3820 554 3880 Paotm.
576 3825 649 3881 Deus
661 3827 734 3882 Deus
745 3845 834 3884 mens.
851 3831 918 3887 Ant.

111 3874 267 3940 Exhortatus
282 3901 312 3940 εε
327 3887 354 3941 iri
365 3889 465 3947 virtute
478 3897 538 3957 tua,
554 3895 624 3950 etin
645 3896 797 3955 relectione
819 3908 920 3959 sancto

109 3947 162 4013 tna,
176 3952 303 4010 Domine.
319 3957 395 4014 Prot.
416 3962 578 4020 Cantemus.
610 3966 675 4022 Ant.
702 3969 762 4040 ipse
777 3974 913 4042 portarit.

6 4088 7 4111 1
109 4015 216 4078 Oblatus
227 4031 278 4091 est,
292 4029 360 4099 quia
373 4030 432 4102 ipse
447 4034 543 4101 voluit,
554 4040 583 4091 et
597 4044 712 4108 peccata
723 4046 831 4097 nostra.
844 4044 915 4101 Psoi.

106 4085 224 4152 landate
243 4097 398 4156 Dominum
412 4104 446 4159 de
469 4106 558 4162 coelis.
578 4108 650 4165 Vera
681 4112 809 4168 Christus
825 4113 918 4171 lactus

5 4170 7 4187 ¹
106 4164 205 4234 estpro
219 4171 300 4226 uobis
316 4173 462 4232 obediens.

399 4274 435 4328 In
449 4274 608 4349 Evangelio.

132 4356 242 4433 dntipti.
259 4367 390 4424 Traditor
408 4376 504 4428 autem
521 4375 647 4433 dediteis
660 4377 786 4449 signnm,
800 4380 915 4438 dicens:

5 4430 6 4437 ’
98 4441 180 4496 quem
195 4437 335 4493 osculatos
348 4439 428 4497 luero
443 4442 503 4514 ipse
528 4456 580 4513 est,
597 4452 691 4507 tenete
703 4467 779 4507 enm.
800 4452 867 4509 Aut.
884 4456 915 4509 ln
934 4469 954 4528 ι)

97 4493 399 4587 bumilitetejudieium
410 4516 469 4584 ejus
482 4515 684 4576 sublatumrst.
693 4523 915 4580 Generationem

96 4582 157 4637 ejus
171 4592 232 4645 quis
251 4583 422 4639 enarrabit?
436 4589 504 4641 Ant.
519 4588 566 4643 Ait
584 4590 707 4648 l'ilotus:
726 4595 917 4652 Mnudeesunt

96 4654 198 4700 manus
214 4666 284 4705 mere
299 4668 317 4706 ε
333 4655 472 4725 sanguine
489 4658 574 4731 hujus
599 4662 680 4732 justi,
706 4682 755 4720 ros
771 4667 910 4724 videritis.

92 4716 159 4769 Ant.
178 4717 275 4776 Petrus
283 4727 381 4780 autern
391 4730 693 4798 sequebaturtesnma
704 4736 787 4809 longe
800 4743 831 4794 ut
840 4739 916 4797 vide·

92 4787 138 4837 ret
152 4788 258 4847 exitum
273 4797 322 4850 rei.

279 4892 314 4946 In
329 4891 410 4949 Coeno
422 4896 529 4953 Donrtni
540 4900 575 4954 ott
594 4899 729 4974 Vesperos.

125 4988 238 5067 glntr'pb.
259 4996 384 5055 Calicem
403 5002 517 5058 Domini
532 5006 681 5079 accipiam,
695 5014 723 5067 et
736 5027 841 5067 nomen
855 5013 916 5069 Do-

90 5061 163 5116 mini
178 5062 327 5125 invocabo.
350 5072 456 5131 Protin.
474 5077 596 5133 Credidi.
626 5085 692 5136 Ant.
722 5083 791 5137 Cum
809 5083 852 5139 bis
867 5086 915 5166 qni
990 5116 992 5120 ·

89 5129 214 5207 fiderunt
246 5156 328 5195 ocem
349 5148 430 5198 eram
449 5147 601 5215 pacillcus;
618 5167 682 5205 eum
697 5152 832 5223 loquebar
846 5155 912 5223 illis,

88 5156 298 5278 impugnabant
310 5229 356 5267 me
365 5215 465 5339 qratia.
480 5218 555 5272 Prot.
573 5220 615 5272 nd
627 5222 778 5279 Dominum
787 5242 852 5281 euin
861 5228 913 5283 tri·

88 5268 212 5353 butarer.
224 5283 286 5336 Aut.
301 5284 343 5337 Ab
388 5288 531 5343 ommibus
558 5289 661 5361 iniquis
683 5293 773 5349 libera
787 5313 842 5359 me,
858 5299 913 5353 Do-

87 5357 177 5401 mine.
188 5351 266 5407 Prot.
283 5353 365 5424 Eripe
382 5373 436 5420 me,
454 5358 583 5415 Domine.
610 5362 677 5418 Ant.
701 5364 817 5420 Custodi
835 5382 912 5424 mea

86 5408 191 5500 laqueo
201 5439 286 5492 qoem
298 5428 461 5482 stotoernnt
475 5431 555 5495 mibi,
579 5436 608 5487 et
631 5434 666 5487 nb
689 5436 832 5493 scandulis
845 5455 912 5508 ope·

85 5496 212 5546 rontium
222 5492 412 5564 iniquitatem.
429 5499 530 5556 Protm.
547 5503 677 5568 Domine,
692 5505 824 5563 clamavi.
841 5510 908 5566 Ant.

5 5596 6 5611 2
85 5551 311 5621 Considerabam
325 5570 362 5622 ed
375 5569 532 5633 dexteram,
547 5574 726 5642 etridebam,
736 5584 764 5634 et
779 5596 836 5635 non
849 5586 909 5637 erut

5 6072 10 6151 ι

5 5658 7 5719 3
85 5629 133 5752 qui
144 5642 330 5705 cognosceret
346 5656 401 5699 me.
416 5642 490 5699 Prot.
507 5645 579 5701 Voce
592 5662 668 5703 mea.
684 5651 750 5704 Ant.
769 5650 806 5705 De
821 5668 909 5708 manu

106 5699 209 5780 tiorum
225 5708 385 5767 alienorum
400 5711 490 5769 libera
506 5731 562 5788 ine,
580 5717 710 5777 Domine.
733 5720 807 5778 Prot.
823 5725 909 5780 Bene·

87 5768 180 5833 dictus
193 5778 332 5839 Dominus
346 5782 421 5843 Deos
434 5801 524 5843 meus.

976 3181 1091 3235 tassibi.
1110 3182 1182 3239 Psot.
1194 3184 1536 3251 Dominusilluminaiio.
1552 3191 1625 3246 Vero.
1643 3191 1804 3248 Diviserunt

976 3252 1029 3305 sibi
1045 3252 1217 3309 vestimenta
1233 3273 1307 3312 inea.

1011 3323 1090 3393 Resp.
1104 3326 1177 3379 unite
1191 3342 1285 3398 snpra.

1010 3395 1091 3463 Rerp.
1105 3396 1211 3452 Omnes
1223 3399 1307 3454 amici
1322 3400 1378 3455 mei
1391 3401 1670 3484 dereliqueruntme‚
1686 3408 1713 3459 et
1727 3419 1799 3528 prrs-

974 3462 1127 3519 valnerunt
1141 3466 1389 3526 insidientcsmibi
1411 3472 1536 3528 Tradidit
1550 3489 1689 3556 mequem
1701 3475 1727 3529 di
1742 3475 1799 3545 ige·

975 3535 1053 3599 barn,
1068 3541 1096 3591 et
1111 3538 1281 3594 terribilibus
1297 3543 1385 3598 oculis
1401 3544 1485 3635 plaga
1508 3545 1615 3599 crudeli
1628 3547 1797 3626 percutiens,

975 3611 1055 3661 aceto
1104 3609 1224 3665 otabant
1249 3627 1305 3667 me.
1341 3615 1416 3670 Vere.
1445 3616 1675 3671 btdederontio
1701 3634 1798 3673 escam

975 3692 1069 3732 meam
1083 3624 1131 3745 iel,
1142 3683 1171 3734 et
1182 3681 1210 3735 in
1219 3682 1265 3736 siti
1276 3699 1351 3740 mea.
1361 3686 1442 3755 Rrrp.
1454 3686 1555 3741 Velnm
1568 3687 1665 3757 templi
1676 3687 1797 3769 scissum

974 3753 1027 3809 est,
1043 3754 1071 3804 et
1086 3751 1180 3806 omnis
1195 3758 1272 3809 terra
1282 3755 1417 3817 tremuit;
1433 3755 1639 3813 lotrodecruce
1649 3757 1795 3825 clamavit,

974 3818 1070 3875 dicens
1087 3822 1247 3880 :Memento
1261 3826 1328 3893 mei,
1343 3827 1472 3891 Domine,
1493 3830 1562 3885 dum
1577 3829 1690 3885 veneris
1713 3829 1741 3885 in
1755 3846 1798 3912 re-

973 3907 1062 3973 gnum
1078 3896 1170 3951 tuum.
1191 3896 1365 3953 Veradmen
1382 3899 1445 3955 dico
1461 3899 1798 3967 tibi,hodicmecumeris

973 3977 1003 4016 in
1015 3965 1159 4046 paradiso.
1176 3967 1271 4024 Latro.
1290 3970 1361 4025 Vers.
1374 3970 1421 4025 dit
1434 3971 1507 4026 latro
1523 3974 1559 4027 od
1573 3971 1714 4028 latronem
1728 3976 1797 4053 :Nos

973 4036 1090 4103 quidem
1103 4035 1190 4107 digna
1203 4036 1454 4111 lactisrecipimus,
1465 4043 1509 4096 bic
1522 4048 1618 4098 autem
1633 4043 1699 4115 qnid
1714 4042 1798 4099 lecit?

973 4105 1125 4161 Memento.
1146 4109 1224 4180 Resp.
1239 4110 1329 4168 Vinea
1344 4129 1409 4168 mea
1424 4114 1524 4173 electo,
1538 4130 1589 4184 ego
1607 4120 1634 4170 te
1647 4114 1796 4196 plantanis

995 4179 1119 4232 uomodo
1134 4194 1272 4237 conversa
1287 4198 1316 4237 es
1332 4184 1593 4239 inamaritudinem
1608 4190 1638 4240 ut
1653 4202 1699 4240 me
1709 4202 1798 4240 cruci·

972 4193 1083 4318 ggeres,
1100 4254 1129 4304 et
1143 4251 1301 4307 Dorabbain
1317 4254 1501 4310 dimitteres?
1520 4256 1593 4311 Vere.
1608 4257 1664 4329 Ego
1680 4256 1797 4328 quidem

972 4318 1099 4456 &lantoni
1115 4325 1142 4376 te
1156 4322 1240 4378 vinea
1255 4341 1320 4380 inea
1332 4325 1432 4398 electa,
1460 4343 1545 4382 omne
1561 4344 1659 4382 semen
1678 4345 1791 4387 rerum.

998 4393 1134 4448 uomodo.

1227 4464 1264 4520 ln
1278 4467 1394 4523 secundo
1404 4476 1535 4525 nocturno

1004 4550 1121 4622 Antipb.
1139 4552 1201 4607 Vim
1223 4553 1365 4610 iaciebant
1397 4556 1442 4627 qui
1469 4559 1637 4628 querebant
1663 4558 1793 4615 unimam

969 4637 1076 4678 meam.
1088 4625 1188 4679 Protin.
1203 4625 1333 4691 Domine,
1346 4644 1382 4682 ne
1392 4628 1421 4683 in
1433 4629 1536 4689 lurore.
1548 4631 1574 4683 2.
1587 4631 1654 4683 Ant.
1667 4629 1792 4686 Contun-

970 4692 1075 4749 dantur
1087 4699 1116 4750 et
1127 4708 1311 4753 revereantur
1323 4698 1508 4770 qniquaernnt
1520 4700 1647 4755 animam
1657 4717 1754 4756 meam
1764 4704 1795 4756 ut

970 4765 1305 4824 aulernnteam.Protm.
1337 4771 1515 4840 Exspectans.
1546 4772 1612 4825 Ant.
1641 4771 1732 4827 Alieni
1752 4772 1795 4826 in-

969 4843 1154 4893 surrexerunt
1176 4839 1205 4893 in
1232 4856 1288 4899 me,
1311 4841 1442 4895 etlortes
1463 4841 1638 4912 quaesierunt
1663 4843 1793 4898 animam

970 4922 1077 4962 meam.
1091 4909 1192 4964 Protm.
1208 4910 1291 4978 Deus,
1303 4910 1332 4965 in
1343 4912 1459 4967 nomine
1470 4917 1529 4967 tuo.
1548 4915 1619 4970 Vero.
1634 4915 1795 4971 lnsurrcxe·

970 4984 1038 5033 runt
1052 4979 1081 5034 in
1097 4996 1153 5036 me.

1213 5070 1395 5143 Desponsorio
1408 5072 1439 5126 in
1452 5072 1552 5131 eodem.

1003 5157 1083 5227 Itesp.
1097 5157 1247 5229 Tanquam
1262 5160 1299 5213 ad
1324 5159 1466 5216 latronem
1483 5160 1591 5217 exiistis
1608 5178 1680 5245 cnm·
1691 5162 1793 5235 gladiis

968 5242 1031 5281 com
1053 5228 1209 5285 rebcndere
1224 5246 1277 5285 me.
1290 5230 1422 5299 Quotidie
1432 5234 1507 5298 apud
1517 5251 1566 5288 ros
1581 5251 1661 5289 eram
1674 5252 1702 5290 in
1719 5241 1792 5291 tem·

967 5298 1014 5369 plo
1025 5245 1138 5363 discens,
1150 5304 1178 5355 et
1193 5317 1310 5357 nonme
1325 5303 1467 5361 tenuistis.
1491 5307 1523 5359 at
1537 5321 1600 5360 ecce
1615 5306 1792 5378 flagellatum

966 5369 1069 5424 ducitis
1084 5372 1120 5425 nd
1136 5372 1369 5442 crucifigendum.
1386 5376 1457 5431 Vers.
1468 5374 1555 5430 Filius
1569 5376 1684 5446 quidem
1695 5377 1790 5457 ⁸qui3

966 5440 1010 5494 nis
1024 5441 1102 5495 vadit
1115 5440 1185 5497 sicut
1201 5442 1395 5514 scriptumest
1420 5447 1455 5500 de
1481 5446 1539 5502 ilio.
1557 5447 1603 5502 Vre
1625 5448 1732 5502 bomini
1746 5445 1787 5499 illi

985 5527 1015 5564 er
1051 5528 1115 5567 uem
1131 5516 1269 5570 tradetur.
1282 5516 1323 5570 itd
1343 5516 1576 5587 crucifigendum.
1599 5519 1678 5586 Rerp.
1701 5518 1787 5596 lene·

964 5527 1119 5638 Brisiacus
1134 5591 1201 5639 snut
1214 5587 1282 5640 dum
1298 5587 1503 5642 crucifixissent
1524 5589 1619 5642 tesam
1634 5587 1734 5651 ludaei,
1757 5590 1786 5641 et

964 5653 1039 5708 circa
1054 5654 1156 5710 boram
1168 5672 1275 5711 nonum
1290 5657 1462 5713 exclamavit
1476 5658 1555 5712 lesus
1568 5673 1634 5711 voce
1655 5672 1761 5727 magna
1775 5674 1781 5712 :

963 5724 1046 5783 Deus.
1060 5726 1145 5792 Dens,
1160 5726 1268 5800 utquid
1285 5744 1330 5784 me
1350 5727 1525 5807 dereliquisti
1539 5727 1553 5782 i
1567 5728 1735 5811 Tunclunus
1748 5743 1783 5784 ex

962 5795 1101 5855 militibus
1111 5797 1211 5856 lancea
1222 5798 1298 5857 letus
1307 5800 1370 5871 ejus
1376 5797 1544 5871 perforent,
1555 5797 1727 5858 etinelinato
1735 5814 1782 5858 ce·
