4022 6174
101 3804 103 3815 .
178 3724 181 3729 ’
283 3764 391 3822 rossi:

250 286 307 357 lte

629 291 666 356 ΙΝ
687 291 717 357 S.
743 290 920 357 arreum!
942 286 1085 352 LiBRUhi
1106 285 1439 358 SACRAMENTORUM
1460 294 1579 358 NOTAE.

1838 243 1844 251 ⁸
1885 292 1939 359 rso

250 427 371 485 nitentes
382 432 560 507 temporequo
568 425 863 499 penitentiampetunt,
876 425 1071 499 impositionem
1089 422 1114 484 Α
1128 429 1254 480 reiorum
1267 425 1408 492 bodemen
1424 426 1457 483 ab
1471 427 1508 482 iis
1520 441 1612 483 omnes
1626 422 1764 489 decedunt,
1787 424 1890 482 editum
1901 445 1938 484 eo·

252 515 378 554 munuum
390 504 416 553 et
430 496 549 551 os'lreinm
564 505 732 568 superooput
747 499 921 563 omserdote,
935 499 1005 553 siout
1017 497 1074 552 ubi-

250 586 299 642 que
324 570 499 624 constitutum
514 576 562 633 est,
586 576 792 640 consequentur.
821 569 852 623 Si
868 576 957 623 outem
989 585 1074 625 mneos

250 658 304 697 non
319 640 498 711 deposuerint,
510 648 558 695 out
571 642 729 695 uestimento
742 658 795 695 nen
812 641 986 705 mereamim,
1005 640 1074 711 uhji-

250 713 371 769 ciuntur.
389 712 443 766 Sed
458 710 520 765 haec
533 710 616 767 facilc
635 711 779 766 conciliari
792 716 919 782 possunt,
930 713 1002 766 Nam
1012 727 1073 793 quae

250 783 355 854 scripta
377 786 444 837 suut
467 782 503 836 ab
525 782 642 845 isidoro,
668 783 842 838 Columbaria
874 787 903 838 et
928 783 1072 847 Ordcrrco,

247 852 332 928 jux'ta
349 869 532 908 communem
556 853 686 908 Ecclesiae
709 855 946 909 consuetudinem
969 854 1074 925 scripio

251 930 335 990 sunt;
350 930 380 979 at
394 923 494 994 quaein
508 924 628 978 concilio
641 926 795 995 Agatheusi
810 927 923 980 decreta
948 929 1023 984 sunt.
1040 942 1074 980 ea

251 996 409 1052 Gothorum
419 995 521 1065 gratia,
534 995 692 1065 inquorum
707 996 818 1065 regione
829 998 1004 1052 celebratum
1020 1001 1072 1061 est,

251 1068 407 1123 constituta
423 1064 511 1120 suere.
528 1066 674 1137 Siquidem
691 1066 730 1121 illi
742 1084 775 1122 cx
786 1084 865 1124 more
877 1067 971 1138 gentis
981 1069 1016 1122 ad
1028 1069 1075 1123 de·

251 1154 347 1194 coram
362 1142 391 1192 et
402 1137 584 1210 maiestatem
602 1138 746 1209 promissis
761 1141 925 1211 gaudebuut
937 1137 1072 1207 crinibus,

250 1214 280 1266 et
295 1208 322 1263 iu
337 1209 447 1279 prolixa
462 1208 579 1263 cessarie
594 1209 680 1264 trium
704 1209 821 1275 habant,
835 1214 864 1265 et
881 1210 1072 1276 exsultabant,

250 1282 283 1335 ut
296 1279 403 1334 clarum
415 1284 458 1335 est
472 1295 506 1334 ex
522 1279 651 1343 Sidonio,
663 1227 712 1335 lii.
722 1299 742 1347 r,
758 1281 839 1351 epist.
861 1284 888 1345 2,
904 1298 968 1336 cum
983 1280 1074 1336 Theo·

211 1354 215 1365 '
251 1350 340 1408 dorici
355 1351 512 1406 Gothorum
525 1351 553 1405 iu
571 1351 663 1408 Gallia
674 1352 747 1423 regis
767 1353 891 1407 formam
903 1356 930 1407 et
943 1351 1073 1407 habitum

251 1422 407 1478 describit:
430 1422 506 1477 Siout
528 1439 583 1476 mos
593 1425 680 1493 pentir
704 1428 754 1486 est,
766 1424 886 1479 erinium
905 1426 1075 1495 superjacen-

251 1497 320 1620 gum
328 1493 445 1565 popellis
456 1496 628 1564 operiuntur.
646 1492 685 1548 Ex
699 1493 867 1562 Claudiano,
885 1494 932 1550 lib.
949 1494 1074 1551 debello

276 1566 358 1621 etico:

312 1661 440 1774 grin‘plgori
454 1661 546 1711 sedere
560 1666 658 1726 patres,
672 1661 764 1725 pellita
778 1663 903 1714 Getarum

332 1739 373 1773 uri

250 1806 286 1861 Et
299 1805 445 1860 tornando
457 1804 530 1860 libro
543 1806 579 1860 de
590 1808 674 1863 rebus
685 1805 810 1863 Gothicis
826 1822 832 1862 :
847 1806 987 1877 Reliquum
1011 1822 1074 1862 oero
1091 1784 1115 1842 B
1129 1779 1182 1860 ''ii''

250 1883 353 1948 pentem
364 1876 508 1947 capillatos
522 1876 620 1933 disere.
634 1879 713 1945 Quod
727 1894 824 1933 nomen
847 1878 929 1933 Gotbi
948 1894 999 1948 pro
1018 1894 1075 1932 rne-

249 1948 491 2019 pnosusoipientes,
504 1947 590 2003 odim
601 1950 629 2003 in
643 1950 700 2004 suis
712 1948 884 2005 cautionibus
895 1950 1073 2004 reminiscun-

252 2025 307 2073 tur.
320 2019 390 2074 Cum
411 2017 496 2089 igitur
515 2023 619 2075 essete
645 2037 675 2075 re
696 2020 895 2092 poenitentium
925 2025 965 2085 ut,
993 2019 1073 2075 omui

250 2089 327 2144 cultu
338 2093 367 2145 et
379 2090 481 2146 decore
493 2090 620 2161 corporis
630 2093 732 2163 posito,
749 2092 778 2146 in
794 2091 1071 2163 sordibusjacercnt,

250 2164 390 2216 statutum
401 2161 606 2217 estaconcilio
630 2166 662 2217 ut
685 2180 798 2218 comam
829 2168 858 2219 et
884 2179 1001 2218 omnem
1021 2162 1073 2217 cri·

251 2230 331 2286 nium
346 2235 509 2286 ornatuma
525 2249 554 2287 se
569 2235 770 2290 amandarent.

249 2302 378 2358 Tandem
403 2302 432 2356 iu
460 2303 560 2357 eodem
575 2305 678 2360 Codice
704 2303 817 2359 lietoldi
830 2302 1017 2359 eliminentur
1030 2319 1074 2359 ec·

250 2372 336 2427 clesia
352 2372 531 2442 prenitentes,
548 2375 715 2430 canentibus
729 2374 839 2431 clericis
857 2374 1071 2445 responsorium

249 2443 284 2497 ln
297 2443 393 2497 sudore
403 2444 493 2498 uultus
506 2444 558 2509 tui,
573 2446 655 2513 iuxta
666 2447 901 2501 consuetudinem
912 2445 1071 2516 antiquam,

251 2530 313 2585 qum
327 2517 447 2584 apparet
457 2514 484 2569 in
498 2516 618 2571 concilio
632 2521 719 2573 citato
732 2518 807 2588 apud
823 2517 954 2588 prelatos
978 2522 1074 2572 aucto·

251 2600 297 2640 res
309 2584 505 2641 Burchardum
515 2589 543 2641 et
556 2587 671 2643 Ironem
689 2605 695 2643 ε
707 2589 744 2643 Et
755 2605 816 2643 enm
823 2589 924 2659 gemitu
932 2595 956 2642 et
971 2588 1074 2643 crebris

250 2656 380 2725 ssrspiriis
393 2657 432 2711 eis
445 2657 586 2712 denuntiet
599 2660 671 2742 qnod
679 2660 750 2716 sieut
763 2660 853 2715 Adoni
875 2660 1009 2732 projectus
1036 2666 1074 2714 est

251 2727 282 2782 de
294 2727 437 2794 Purodiso,
457 2729 498 2783 ito
512 2736 538 2784 et
552 2734 564 2782 i
581 2747 604 2784 se
620 2730 653 2785 ob
672 2732 782 2786 ecclesio
796 2748 847 2803 pro
869 2732 982 2801 percotis
1004 2730 1075 2800 adji-

250 2798 370 2853 oiontur.
388 2798 449 2853 Post
461 2747 618 2871 becinieot
631 2803 768 2857 ministris
779 2810 810 2857 ut
821 2819 879 2857 reos
888 2802 1075 2872 entrup'onuos

250 2867 366 2924 eccesie
377 2869 523 2951 ecpeliont.
549 2872 646 2927 Cieros
661 2890 723 2928 uero
741 2879 922 2945 prosequetur
942 2888 984 2928 eos
1009 2889 1074 2929 orem

250 2941 429 3010 Responsura)
447 2940 482 2995 In
498 2941 594 2996 sudore
621 2944 712 2998 nultus
738 2946 780 2997 tui
796 2944 909 2999 vesceris
930 2960 998 3013 pone
1019 2950 1073 2998 tuo.

251 3013 390 3066 Arcemm
404 3011 443 3064 im
467 3011 485 3066 ii
503 3016 533 3069 et
546 3014 675 3068 scelerati
695 3014 823 3079 ecclesia,
836 3014 954 3086 templo,
975 3014 1073 3081 sacris,

251 3082 434 3137 etcommuni
447 3028 599 3139 hominum
614 3084 761 3151 societate,
776 3085 860 3167 juxte
876 3086 999 3156 priscum
1026 3087 1075 3141 lie-

250 3151 344 3207 clesioe
355 3168 475 3217 morem,
492 3153 540 3236 qui
555 3155 643 3209 etiam
659 3155 712 3211 fuit
727 3160 786 3211 eutr
809 3174 911 3212 uorum
924 3156 1073 3228 gentilium
1090 3143 1113 3204 C

249 3223 348 3278 multis
358 3222 387 3278 in
403 3223 565 3280 nationibus
579 3226 785 3285 communiant
821 3244 962 3284 rrecorum
977 3245 1075 3299 quiem·

249 3294 534 3423 iiiiowniuveidetur
548 3298 625 3368 apud
653 3297 816 3370 Euripidem
842 3300 870 3355 in
899 3300 1017 3357 Hercule
1032 3301 1074 3357 iu·

315 3381 390 3431 e,ae
456 3383 462 3422 :

357 3505 395 3550 '.·
415 3508 422 3522 .
445 3507 451 3520 .
472 3504 479 3518 .
500 3469 566 3520 Οὔτε
580 3464 653 3552 quai<
665 3467 750 3539 φίλαις

347 3533 449 3599 endere
463 3534 567 3591 ἓνοικεῖν
582 3557 662 3607 soror,
680 3542 710 3599 irs
726 3537 757 3592 δι’
767 3542 813 3592 καί
824 3542 900 3613 μένω,

355 3606 482 3749 {appion
498 3611 574 3684 ἱερὸν,
590 3613 606 3669 a
619 3614 765 3686 πανήγυριν
778 3610 859 3683 primu

428 3720 436 3747 7

357 3889 364 3902 .
384 3891 389 3902 .
407 3892 413 3903 .
433 3891 440 3904 .
455 3856 507 3905 Noe
521 3856 653 3908 mametis
668 3856 732 3905 mihi

340 3915 437 3967 Thebis
452 3917 618 3971 habiturelns
635 3924 689 3975 est;
704 3921 731 3968 ot
748 3919 770 3968 si
785 3922 876 3969 eutem
890 3934 1025 3979 mansero.

1128 512 1190 550 rum
1213 513 1412 570 sermonemque
1431 498 1585 568 defugiunt,
1619 498 1726 568 nequid
1748 514 1781 551 en
1793 505 1868 553 contu
1887 500 1940 557 ione

1129 569 1289 623 incommodi
1300 572 1533 641 accipientesque
1548 570 1584 623 iis
1591 568 1738 639 petentibus
1747 570 1794 639 jus
1807 587 1821 623 r
1877 573 1939 640 itur,

1128 656 1210 709 neque
1221 639 1297 694 bonos
1307 641 1381 695 ultus
1394 643 1614 696 communicetur.
1629 645 1719 710 atquc
1733 640 1821 694 etiam
1837 641 1864 695 in
1880 642 1941 697 Ger·

1128 709 1233 775 mauis,
1249 715 1279 766 ut
1293 712 1392 767 scribit
1404 713 1549 767 Cornelius
1563 710 1755 767 Tacitoalibro
1775 712 1810 767 de
1827 713 1940 769 ltoribus

1128 782 1335 836 Germanorum
1349 784 1414 837 :lt'eo
1428 786 1514 839 sooris
1527 783 1626 849 edesse,
1637 799 1684 837 oreo
1708 782 1849 838 eonsilium
1873 786 1941 839 inire

1128 855 1305 923 ipnomuu'oso
1315 856 1362 922 [us
1375 861 1420 909 est.

1163 925 1225 978 eet.
1250 926 1374 981 Secundo
1403 943 1468 995 pors
1487 943 1495 979 .·
1517 926 1690 980 Pestilentem
1710 924 1875 994 confitentem
1888 942 1940 996 pee-

1128 1003 1188 1051 euro
1199 1013 1258 1050 sun.
1268 996 1415 1051 Confessio
1429 996 1570 1068 ejusmodi
1594 996 1794 1067 paenitentiam
1809 1001 1869 1051 erat
1884 1014 1939 1051 am·

1128 1067 1176 1138 pls
1190 1067 1451 1133 admodum,raria‚
1465 1073 1493 1122 ct
1508 1067 1599 1123 mulla
1612 1072 1728 1136 peccata
1745 1068 1938 1138 complectens,

1128 1137 1248 1209 quaeris
1259 1138 1353 1193 inuno
1366 1138 1610 1210 hominerepcriri
1621 1142 1738 1208 queant.
1749 1139 1840 1203 Onam
1851 1139 1940 1195 ridere

1128 1214 1171 1265 est
1190 1209 1217 1263 iu
1232 1209 1337 1265 Ordine
1352 1210 1481 1265 Bouiano
1495 1210 1523 1264 ln
1542 1210 1617 1265 huuc
1633 1211 1752 1264 modum
1779 1226 1787 1263 ,·
1817 1210 1941 1279 Confiteor

1128 1280 1418 1336 titillomiueceeliet
1445 1289 1536 1346 terre,
1562 1281 1666 1352 tibique
1695 1280 1758 1335 bone
1768 1288 1793 1336 et
1819 1280 1941 1352 desipuis-

1127 1352 1194 1406 sime
1207 1351 1280 1417 iesu,
1291 1369 1416 1407 unacum
1429 1360 1521 1408 sancto
1535 1352 1642 1422 Spiritu
1661 1367 1753 1406 corum
1770 1354 1868 1407 sanctu
1890 1352 1941 1406 An-

1127 1422 1194 1494 pelis
1206 1423 1271 1487 tuis,
1286 1432 1312 1478 et
1325 1440 1418 1479 corum
1440 1424 1541 1478 sonnis
1565 1423 1631 1487 tuis,
1661 1440 1753 1477 eorum
1782 1423 1827 1477 troo
1850 1423 1938 1487 altem,

1128 1502 1152 1549 et
1166 1495 1300 1549 secerdote
1316 1500 1370 1561 tuo,
1385 1496 1451 1565 quio
1467 1496 1497 1548 in
1508 1495 1624 1566 percotis
1639 1502 1789 1563 conceptus,
1804 1500 1829 1548 et
1844 1494 1871 1547 in
1888 1512 1939 1565 pec»

1128 1565 1197 1620 cutis
1211 1573 1301 1629 natus,
1314 1572 1340 1621 et
1356 1567 1385 1620 in
1406 1568 1521 1636 peccetis
1535 1566 1668 1629 nutritus,
1684 1571 1709 1619 et
1720 1568 1750 1619 in
1767 1568 1877 1635 percotis
1888 1573 1939 1633 post

1129 1636 1261 1706 boptisnm
1271 1654 1356 1708 usque
1365 1637 1401 1691 od
1421 1637 1489 1691 berec
1511 1637 1607 1691 horem
1620 1654 1679 1692 sum
1690 1644 1869 1691 conversatus.
1881 1637 1938 1691 Gon·

1127 1709 1208 1777 fiteor
1222 1710 1300 1762 etium
1316 1710 1381 1779 quio
1394 1709 1498 1778 peecom
1511 1708 1595 1763 nimis
1609 1709 1638 1762 in
1650 1709 1789 1777 superbio.
1807 1710 1882 1762 inani
1892 1708 1940 1777 pio·

1201 1780 1228 1832 in
1239 1779 1397 1834 entoltentio
1411 1788 1466 1834 tom
1477 1780 1560 1834 oculor
1569 1797 1613 1833 nm
1627 1796 1710 1850 quom
1722 1780 1841 1843 vestium,
1856 1786 1879 1832 et
1892 1796 1938 1832 om·

1128 1856 1455 1915 nrumootunmmeorum‚
1468 1851 1498 1905 in
1509 1850 1625 1913 invidio,
1648 1851 1678 1903 in
1695 1851 1767 1914 odio,
1784 1851 1813 1903 in
1831 1850 1940 1903 uooritio

1128 1928 1184 1976 turn
1196 1921 1307 1975 bonoria
1320 1938 1399 1991 quom
1408 1923 1537 1990 pertenire,
1554 1922 1584 1975 in
1600 1922 1654 1983 iro,
1671 1922 1702 1975 im
1722 1921 1848 1984 tristitie,
1860 1921 1940 1974 innoe-

1127 1990 1186 2055 dio,
1203 1992 1347 2047 inventris
1363 1992 1493 2063 inpluore,
1510 1994 1541 2046 in
1564 1992 1846 2047 incuriosodomitieo
1859 1992 1885 2045 in
1902 2008 1938 2045 so·

1127 2063 1261 2133 critepiis,
1277 2069 1331 2120 ete.
1348 2063 1477 2118 Similem
1503 2063 1627 2134 reperire
1641 2069 1684 2118 est
1716 2063 1868 2134 priscorum
1882 2062 1939 2116 Ger·

1128 2134 1536 2216 manorumnpudGoldastum
1550 2134 1622 2188 libro
1630 2136 1759 2189 derebus
1769 2132 1938 2189 Germanicis.

1164 2206 1261 2260 Exstat
1274 2212 1361 2260 etiarn
1384 2206 1525 2261 consessio
1547 2205 1636 2260 sancti
1653 2205 1755 2261 lsidori
1782 2203 1939 2274 llispslensis

1127 2275 1261 2346 episcopi,
1278 2276 1379 2331 litteris
1392 2277 1588 2347 consignatae
1603 2278 1762 2347 liedernptu
1778 2278 1838 2347 ejus
1851 2276 1938 2330 clerim

1127 2364 1203 2406 cum.
1221 2348 1404 2417 impendente
1419 2353 1520 2412 morte,
1530 2349 1687 2418 palameou
1697 2347 1786 2404 lessus
1800 2353 1841 2401 est
1852 2346 1938 2401 luade

1127 2418 1217 2473 sancti
1227 2419 1367 2474 l‘iucenlii
1382 2420 1541 2490 generatim
1561 2420 1714 2486 duntaxat,
1724 2419 1793 2474 nihil
1805 2416 1937 2488 particula·

1128 2490 1180 2544 tim
1194 2490 1366 2558 exprimens.
1918 2554 1924 2566 ,

1164 2563 1262 2615 Exstat
1287 2563 1380 2616 etiam·
1410 2560 1553 2615 consessio
1582 2560 1703 2615 lloberti
1732 2561 1937 2615 Cenomanensis

1128 2631 1263 2702 episcopi,
1286 2632 1395 2687 editae
1423 2632 1589 2687 doctissimo
1603 2632 1785 2687 cirotecam
1800 2628 1936 2685 Sirmoudo

1128 2702 1272 2758 societatis
1283 2704 1360 2767 iesu,
1377 2708 1447 2756 torn.
1466 2705 1497 2758 ill
1515 2702 1711 2758 stercilinum
1733 2702 1839 2764 Gallice,
1860 2714 1934 2770 quem

1128 2773 1213 2829 morti
1231 2774 1882 2845 proxiuiusmisitperepistolam,adepiseopos
1893 2768 1933 2839 qui

1128 2850 1212 2900 erant
1222 2845 1251 2899 in
1278 2844 1425 2900 obsidione
1449 2846 1527 2900 urbis
1539 2845 1755 2915 studegavensis
1769 2861 1830 2899 cum
1845 2839 1932 2897 Carolo

1129 2915 1413 2986 Calroimperalore;
1433 2916 1460 2971 iu
1486 2933 1542 2987 qua
1569 2917 1657 2971 etiarn
1687 2916 1796 2972 nullum
1825 2909 1932 2994 speciale

1129 2987 1237 3043 crimen
1253 2988 1416 3053 confitetur,
1432 2988 1482 3042 scd
1507 2992 1620 3042 tantum
1635 3005 1666 3043 se
1689 2984 1899 3043 abominabilem
1909 2984 1933 3035 et

1129 3060 1337 3114 exsecrandum
1349 3063 1528 3128 peccatorem
1542 3075 1604 3114 esse
1620 3059 1776 3128 profitetur.
1886 3122 1890 3133 Ι

1165 3130 1197 3184 ln
1217 3129 1409 3184 vetustissimo
1424 3129 1524 3184 Codice
1537 3147 1589 3185 rus.
1606 3129 1788 3185 Bibliothecae
1803 3125 1933 3180 sternens·

1129 3200 1178 3267 sis,
1194 3200 1237 3256 cui
1257 3200 1355 3255 titulus
1379 3206 1431 3263 est,
1458 3202 1530 3256 Ordo
1552 3201 1724 3265 Orationem,
1744 3198 1858 3254 hahetur
1877 3207 1931 3271 eon·

1130 3271 1215 3399 ΐεεέἰο
1230 3272 1318 3327 sancti
1332 3271 1481 3344 Fulgentii,
1500 3289 1587 3342 quam
1606 3271 1653 3328 hie
1681 3271 1818 3343 subjicere
1837 3280 1888 3321 noo
1898 3278 1930 3332 pr·

1127 3358 1162 3415 ge
1186 3343 1224 3398 it:

1128 3470 1142 3501 u
1165 3448 1267 3522 Incipit
1293 3460 1306 3491 Ι
1332 3448 1461 3520 consessio
1485 3449 1574 3503 suncti
1597 3447 1653 3503 Ful
1672 3448 1743 3503 eutii
1764 3441 1873 3517 episcopi
1903 3433 1931 3489 td

1388 3520 1575 3591 poenitentium
1588 3519 1642 3574 don
1661 3537 1717 3575 um.

1162 3647 1177 3680 n
1198 3625 1255 3697 Ego
1270 3626 1408 3682 confiteor
1420 3625 1479 3690 tibi,
1495 3626 1625 3689 Domine,
1641 3626 1726 3681 Pater
1739 3621 1800 3680 eceli
1821 3620 1929 3697 ettcrpae

1125 3714 1225 3754 coram
1240 3698 1294 3753 hoc
1307 3696 1391 3752 altari
1405 3702 1454 3751 tuo
1476 3702 1586 3762 sancto,
1611 3702 1640 3752 et
1654 3697 1737 3752 istius
1748 3692 1799 3749 loci
1809 3688 1927 3757 reliqua,

1126 3773 1156 3826 et
1169 3786 1266 3825 coram
1279 3768 1331 3823 hoc
1342 3770 1489 3824 sacerdote
1503 3774 1561 3831 tuo,
1577 3768 1679 3824 omnia
1700 3770 1812 3838 peccata
1825 3774 1892 3819 met,
1904 3757 1928 3833 ⁴}st
1998 3784 1999 3809 2

1127 3840 1226 3895 omnia
1241 3855 1415 3910 quecunque
1429 3840 1477 3895 Dei
1494 3839 1584 3909 pietas
1600 3840 1636 3893 ad
1653 3836 1821 3918 memoriam
1834 3826 1927 3907 reducti

1127 3912 1162 3966 de
1176 3910 1395 3982 cogitationibus
1416 3910 1554 3981 turpibus,
1570 3909 1629 3965 sire
1641 3907 1818 3966 sermonibus
1845 3903 1927 3974 obesis

341 3978 460 4044 lnquod
471 3982 890 4045 templumsutconrsntuseam
905 3984 1074 4035 amicorum?
1126 3967 1926 4052 etimruuudis.etquodegoeoutrnprreceptumOeiisct·
1997 4024 1998 4055 1

247 4055 289 4112 lbi
302 4057 379 4113 enim
394 4059 481 4116 deflet
494 4062 626 4117 Hercules
639 4063 744 4117 effidem
766 4059 920 4118 liberorum
940 4080 958 4118 a
972 4080 1002 4120 20
1025 4081 1072 4133 pa.
1125 4052 1270 4109 Confiteor
1281 4052 1369 4107 ctiam
1385 4051 1483 4107 omnia
1497 4052 1591 4107 cordis
1605 4056 1634 4108 et
1647 4050 1774 4123 eorporis
1789 4043 1839 4100 mei
1851 4037 1925 4122 'vitm

248 4131 366 4195 iratam,
379 4131 416 4185 ob
431 4147 530 4201 quarn,
555 4132 578 4187 si
607 4136 768 4188 revertetur
784 4132 905 4199 Thebas,
928 4133 996 4190 dicit
1018 4135 1072 4190 sibi
1126 4122 1305 4194 wesilesslssffl
1317 4122 1393 4195 [Led
1410 4122 1580 4196 Sacrilesslfli
1598 4123 1731 4188 invidias,
1745 4118 1925 4194 deiffliiwni*

246 4198 1071 4273 nullumioreadtemplaetamicorumconventumadi·
1126 4194 1262 4266 Pfejullsss
1293 4196 1379 4257 turta,
1408 4193 1571 4258 maledieta,
1601 4193 1740 4251 convicit·
1764 4183 1925 4266 lllfPssffllu'i'

247 4271 442 4339 tum.Etapud
454 4270 597 4329 Τὴροῃεῃ]
608 4275 787 4344 sophistam:
801 4277 852 4330 Are
862 4276 1071 4350 nemmem„
1126 4265 1321 4330 scurrilitates,
1335 4264 1496 4329 mendacia,
1512 4264 1672 4330 irrisiones,
1688 4260 1926 4326 insultsuoncsp·

248 4339 373 4463 εἰρέσθω
386 4341 552 4415 (homicida)
564 4341 693 4409 σπονδῶν,
703 4353 855 4471 :pompam
872 4344 1070 4419 impensus»,
1126 4336 1307 4397 mulsliones,
1324 4335 1575 4401 murmurationes,
1589 4334 1779 4393 adulationes,
1803 4320 1924 4393 tristitias.
1995 4360 1996 4365 ,

731 4433 739 4472 ι

248 4408 259 4463 l
295 4415 516 4482 esttpropterea
534 4430 609 4486 aqua
630 4416 701 4472 lustr
754 4421 887 4475 arceatur
901 4418 1071 4489 (homicida)
1125 4400 1925 4489 rigitjasiuutilcsetDiadumenum,pinnarensium·

249 4478 414 4543 foederibus.
427 4484 573 4553 conviviis,
594 4486 667 4553 foro,
681 4494 737 4542 tem
760 4488 805 4546 lis.
821 4489 854 4544 El
866 4490 942 4560 apud
964 4489 1071 4560 Sopho·
1088 4483 1233 4555 Dcessllsss
1244 4494 1391 4560 pepsstssws,
1408 4482 1555 4558 tirmiter
1565 4494 1692 4548 00rp0r¹s
1706 4488 1759 4555 sslffl
1775 4463 1924 4523 ”mmm

247 4550 321 4606 clem
337 4551 519 4624 inOEdipode
532 4505 822 4627 lyranozProiiibeo,
843 4574 879 4615 ne
902 4561 966 4633 quis
991 4560 1072 4643 liujus
1124 4540 1924 4619 eidelflclthtlflessfflffllfffloel'ifl90⁵W⁰⁸⁰¹2⁰¹tf¹¹⁰⁸3aei'
1994 4586 1995 4599 ε

248 4628 331 4704 terrm
353 4624 384 4679 in
409 4640 463 4696 quo
489 4625 602 4699 impero,
627 4629 757 4700 ejusmodi
778 4632 918 4697 bominem,
951 4648 1071 4705 quisque
1125 4618 1657 4701 susluipersuperbiarnelelationem,
1671 4609 1839 4699 eldesidiam
1855 4603 1924 4665 etpr-

246 4699 281 4747 stt
292 4710 301 4749 :
1123 4679 1923 4762 gretiam.Voluntates[Leproluptatespmmundasperti·

1124 4759 1208 4824 trari.
1223 4759 1437 4827 fornicationes,
1447 4760 1628 4830 pollutiones,
1639 4742 1921 4814 luxuriaseoueetss

1124 4830 1213 4904 453
1229 4826 1782 4893 comessationes,homicidiamaniseste
1794 4822 1821 4873 et
1831 4823 1889 4894 artu
1902 4809 1922 4856 ¹²

1124 4902 1154 4957 in
1168 4907 1322 4972 corporeet
1334 4902 1431 4959 auimo
1444 4902 1550 4972 peregi.
1564 4901 1640 4958 Patri
1657 4915 1720 4957 mee
1731 4890 1921 4976 etmatrrmee,

1124 4972 1261 5029 iratribus
1275 4978 1303 5029 et
1320 4974 1472 5037 sororibus,
1504 4973 1612 5044 patruis
1635 4978 1664 5028 et
1689 4970 1792 5025 auritis,
1817 4959 1844 5010 et
1865 4958 1912 5028 {³⁰¹¹

1123 5043 1255 5111 sobrinis,
1283 5044 1341 5099 sire
1373 5043 1505 5100 omnibus
1533 5041 1706 5115 propinquis,
1730 5041 1756 5090 et
1778 5016 1921 5136 parentela}

1124 5115 1197 5170 meis
1222 5115 1377 5171 secuudum
1409 5113 1456 5169 llei
1486 5120 1659 5185 praeceptum
1683 5116 1711 5166 et
1737 5106 1783 5186 Ort
1811 5092 1919 5203 'Ouum

1124 5190 1181 5241 lem
1212 5185 1327 5242 honoris
1353 5186 1521 5256 obsequium
1551 5202 1608 5241 nou
1635 5180 1757 5240 exhibire
1791 5169 1920 5282 Serapem

1123 5258 1321 5321 carnotenum
1339 5257 1446 5311 auriens
1472 5257 1534 5326 plus
1550 5256 1577 5310 in
1605 5254 1681 5313 malo
1706 5258 1789 5328 quoru
1811 5250 1837 5291 ru
1874 5241 1922 5342 put

1125 5329 1292 5392 auscultari,
1305 5332 1334 5382 et
1345 5328 1480 5383 obediens
1491 5327 1540 5381 lui.
1553 5329 1658 5382 Omnes
1675 5320 1851 5377 Christianos.
1861 5310 1920 5409 ⁸¹⁰⁰

1123 5398 1197 5453 Deus
1210 5398 1342 5470 praecipit,
1358 5414 1412 5453 nou
1422 5398 1516 5453 dilexi.
1534 5400 1651 5469 Semper
1676 5390 1737 5448 eliis
1748 5378 1858 5466 malum.
1873 5376 1909 5483 ”gi

1124 5468 1434 5540 bonumexemplumet
1444 5470 1646 5524 documentum
1657 5462 1757 5536 prmhur
1775 5454 1801 5505 ct
1814 5446 1918 5562 otgpflne·

1123 5541 1352 5596 Dominieosdies
1364 5540 1595 5596 etsnleruuitates
1605 5540 1764 5609 sauctorum
1777 5532 1828 5573 nou
1856 5522 1918 5630 'cieri

1123 5627 1176 5668 uec
1191 5612 1248 5668 Deo
1258 5610 1552 5683 acceptabiliterduxi,
1568 5592 1855 5668 ueccustodrrr‚atues

318 4784 389 4842 Μήτι
403 4780 586 4857 εἰσδέχεσθαι,
601 4792 668 4860 μήτε
686 4797 845 4864 προσφωνεῖν
860 4810 927 4857 τινα,

317 4858 424 4912 Minois
439 4863 511 4909 Θεῶν
526 4860 645 4930 εὐχαῖσι,
661 4879 727 4932 pnes
741 4862 840 4935 dipersi

316 4929 405 4978 homin
419 4930 552 4982 ποιεῖσθαι
554 4969 608 4986 .....

245 5012 277 5068 ld
292 5016 336 5069 est
352 5030 358 5069 ι

247 5100 486 5222 45ᾉ8ιιεσὶρίεε.
495 5119 545 5180 nec
557 5106 717 5182 alloquetur,
725 5124 812 5183 neque
820 5111 976 5176 participem
990 5110 1071 5161 iaciat

344 5185 435 5221 recum
448 5169 599 5219 divinarum
610 5174 637 5221 el
650 5173 851 5223 sacrificiorum.

246 5259 297 5315 Hic
309 5276 373 5315 mos
388 5258 475 5315 etiam
489 5259 564 5330 apud
579 5258 674 5315 Gallos
687 5276 720 5316 ex
735 5259 874 5316 Druidum
890 5260 1069 5316 institutione

246 5331 338 5387 inusu
355 5330 418 5393 luit,
451 5334 483 5384 ut
506 5333 629 5385 testatur
654 5330 746 5386 tulius
768 5333 870 5393 Cesar,
897 5346 947 5387 seu
960 5332 1068 5395 Celsus,

246 5401 294 5458 lib.
310 5418 337 5458 rr
352 5403 387 5458 de
401 5400 475 5457 bello
487 5401 596 5456 Gallico
612 5417 619 5456 ε
635 5400 738 5471 Siquis
751 5405 942 5472 ontpriootos,
963 5410 1012 5457 out
1023 5420 1068 5473 po

242 5474 430 5556 putosiorum
443 5471 608 5598 ffruidum)
618 5472 721 5527 decreto
733 5488 786 5528 non
796 5473 912 5535 steterit,
927 5473 1068 5543 sacrificiis

245 5546 426 5600 interdicunt,
471 5558 509 5598 [σε
519 5560 598 5612 poeno
613 5542 735 5613 opudeos
753 5551 791 5598 est
817 5542 986 5609 pronissime.
1004 5544 1066 5608 Qui·

246 5614 292 5671 isus
308 5618 349 5672 ito
362 5623 400 5672 est
411 5614 598 5679 interdictum,
623 5613 648 5668 ii
667 5630 781 5669 numero
796 5614 940 5685 impiorum
952 5615 1069 5670 nescele-

281 5754 347 5809 ·Ad
360 5754 436 5811 hanc
449 5751 635 5811 consessionis
651 5752 806 5810 turmulam
820 5752 926 5810 multas
950 5752 1069 5811 obseres
1123 5754 1303 5826 Confessione,
1319 5753 1455 5810 adsersus
1466 5753 1615 5819 Dallceum,
1630 5746 1798 5822 1partnser·
1808 5724 1848 5787 θ’
1861 5722 1916 5770 ⁰⁰⁰'

246 5821 372 5886 tionesa
389 5824 472 5893 nobis
486 5823 556 5885 olim
579 5823 671 5885 iactam
695 5824 727 5885 in
754 5830 878 5885 mactatu
902 5825 1009 5885 Gallico
1035 5826 1068 5886 de
1121 5826 1213 5886 rulers
1231 5828 1326 5899 potest
1337 5824 1402 5900 pius
1416 5830 1445 5885 at
1457 5825 1585 5884 eruditus
1598 5824 1695 5884 lectar.
