4128 6182
173 240 181 246 -
268 217 325 276 aar
581 216 789 279 ,ternanta
809 217 860 280 en
882 218 911 278 s.
935 208 1107 272 annonari
1131 207 1249 269 nicar
1274 208 1468 309 renunciet
1494 209 1625 273 onena.
1873 162 1932 283 'ees

265 348 343 403 mine
363 346 393 402 in
417 340 517 418 primis
544 347 683 404 donatum
707 348 745 404 sit
763 348 840 406 beati
868 346 942 405 Petri
967 341 1088 417 apostoli
1102 349 1126 409 Α
1141 357 1194 396 non
1220 339 1338 405 luberet,
1366 341 1530 412 fenestellam
1553 342 1687 400 memoria
1703 343 1736 399 eil
1762 346 1934 408 interioritate

260 417 432 488 sepulcrum,
450 417 586 475 Ooufrins
605 418 680 474 hana
695 419 772 475 elicit
803 420 945 477 rationem
967 412 1087 473 exactis
1141 413 1491 486 sanctarumrelipuiarum
1511 416 1933 494 manninjeete'nitteiat,·ntpue

260 489 476 560 oetavaeaynodi
489 490 555 554 GP..
569 491 681 547 actione
712 495 803 558 uaria,
814 492 892 563 qnod
904 490 999 546 nullus
1009 501 1088 559 pere·
1142 482 1205 539 inde
1219 499 1330 539 rnrsnm
1340 483 1479 542 dexteram
1494 487 1633 550 reducens,
1646 487 1935 556 connerinensem

259 559 358 631 grinus
373 559 402 615 in
413 559 560 617 basilicam
576 563 667 617 sancti
723 562 776 618 etri
804 561 1006 619 admitteretur
1017 557 1087 629 quin
1142 554 1265 626 linquam
1279 555 1464 627 contingendo.
1485 557 1621 628 paulatim
1641 557 1721 613 nodos
1735 559 1851 629 loquendi
1859 566 1934 633 pratia

259 632 338 703 prius
350 629 478 686 libellum
496 631 562 688 tidei
577 649 637 689 saie
660 633 803 702 edidisset,
819 634 896 705 quod
911 633 947 688 ad
976 630 1088 686 conlcs-
1139 624 1366 750 paenitendae,
1383 627 1450 684 ldco
1464 632 1561 685 eutem
1573 628 1714 701 ejusmodi
1724 628 1864 687 fenestella
1877 634 1936 691 diae·
2001 676 2002 699 ,

260 702 371 758 aionem
386 701 462 759 beati
483 703 560 759 Petri
575 702 637 759 fieri
664 705 789 760 solutum
815 703 955 760 aitirmat.
979 701 1086 756 Verum
1161 699 1936 824 enturcataractae,puodtirmisporticellis(namllrmio-
2001 736 2002 769 2

260 788 327 829 cum
339 772 482 829 confessio
497 774 504 828 i
527 790 559 830 sa
576 774 605 829 in
621 773 724 831 intime
751 775 875 831 basilicae
888 778 969 846 parte
992 773 1087 828 locata
1141 782 1187 823 ree
1198 770 1286 839 porta
1298 784 1339 823 sic
1352 769 1434 841 appel
1448 774 1544 840 antur)
1559 775 1653 827 essent
1680 771 1816 840 preclusa.
2001 788 2002 817 .

260 843 435 915 esset,prius
450 843 479 899 in
508 791 657 901 Basilicam
678 846 796 902 advenis
822 846 1030 903 concedebatur
1042 842 1085 898 in·
1177 838 1261 921 Quod
1287 837 1389 896 attinet
1404 841 1440 896 ad
1460 857 1572 913 pannos
1593 841 1640 914 qui
1670 857 1752 912 super
1770 843 1935 914 corpuabeati
2001 842 2002 901 l

281 931 376 972 reasus
385 916 502 986 [cxxxii]
515 933 602 987 quem
616 917 681 972 fidei
690 917 898 989 professionem
913 916 1084 973 emisissent.
1140 909 1263 981 apostoli
1277 926 1343 965 cum
1354 911 1483 983 precibus
1495 918 1524 968 et
1530 911 1648 986 jejuniis
1663 912 1857 981 inserebantur,
1871 915 1936 970 iran-

261 933 323 1041 ξίω
345 986 425 1042 licius
437 993 478 1042 est
492 991 523 1042 ut
547 987 688 1044 consessio
703 988 770 1044 inde
796 987 941 1060 appellata
963 987 1085 1051 dicatur,
1139 981 1189 1036 dea
1202 985 1373 1062 recantare
1394 982 1530 1056 Gregorio
1556 987 1668 1056 ldagno.
1680 984 1782 1040 lisdem
1802 984 1852 1039 ritu
1865 987 1936 1057 pallia

262 1004 481 1129 quotisitlecns
495 1058 667 1115 contessoris
689 1075 739 1116 seu
759 1059 907 1131 martyris.
927 1057 983 1115 alti
1014 1057 1086 1113 alias
1141 1068 1192 1177 pre
1206 1050 1425 1125 archiepiscopis
1437 1054 1545 1110 sacrari
1568 1072 1630 1109 mos
1643 1060 1714 1123 erat,
1737 1056 1936 1136 quasdemrpen
2001 1090 2002 1119 r

263 1127 386 1185 efferunt
399 1128 536 1198 rationes,
551 1146 616 1201 qun
631 1146 690 1186 non
703 1134 770 1186 sunt
789 1132 873 1204 hujus
895 1129 960 1186 loci.
1156 1125 1214 1205 eati
1223 1122 1303 1178 Petri
1309 1128 1426 1195 sumpta
1433 1125 1610 1181 dicebantur.
1621 1126 1697 1182 ldern
1707 1125 1805 1198 tegitur
1817 1128 1937 1184 doorariis
2001 1138 2002 1179 t

298 1200 381 1266 Quod
406 1216 471 1256 vero
491 1201 528 1255 ad
554 1200 763 1259 contessionem
777 1201 852 1258 beati
875 1201 961 1266 Petri,
975 1200 1034 1255 imo
1049 1200 1087 1255 ad
1140 1194 1368 1250 ordinandorum
1395 1195 1425 1251 iu
1453 1195 1548 1253 libello
1574 1213 1652 1253 nono
1675 1202 1781 1253 nostro.
1806 1198 1857 1252 Nec
1872 1203 1938 1253 iacet
2001 1202 2002 1257 3

262 1270 323 1343 ejus
348 1271 497 1327 basilicam
518 1272 581 1343 quis
604 1289 671 1329 uem
703 1288 762 1328 non
796 1272 1007 1337 admitteretur,
1031 1269 1086 1325 nisi
1141 1264 1272 1348 encmplo
1283 1266 1359 1335 quod
1370 1266 1521 1338 Gregorius
1531 1267 1937 1341 Turonensisantistessaperiue
2001 1292 2002 1341 i

297 1342 340 1397 ius
355 1357 438 1398 suam
462 1341 550 1412 ipsius
578 1289 666 1400 tidem
690 1344 846 1415 probasset,
877 1342 1039 1414 colligimus
1053 1357 1087 1397 ex
1141 1337 1223 1400 dixit,
1235 1336 1272 1391 ad
1302 1338 1873 1409 enuspannosinmomentanaseastatera
1882 1356 1938 1412 pou-
2001 1352 2002 1365 ¹

258 1359 358 1484 &ptati
374 1413 423 1468 tin.
440 1429 478 1478 vt,
506 1413 602 1470 ubide
626 1414 768 1470 Macrobio
799 1413 1088 1540 ssseudepiscopono-
1141 1352 1360 1474 dererisoiitoe,
1376 1409 1775 1483 antequameupertumulum
1789 1411 1938 1467 saciamini-

261 1483 369 1539 uatista
394 1485 494 1540 Romae
516 1484 635 1555 degente
662 1502 751 1557 agens
781 1504 788 1544 ι
825 1487 929 1556 inique,
954 1483 1088 1555 inquitet
1142 1477 1376 1560 minueremus
1390 1496 1424 1535 ex
1437 1479 1542 1553 majori
1556 1482 1632 1553 quod
1648 1481 1714 1537 inde
1727 1482 1867 1537 accedebat
1886 1497 1938 1563 pon-

260 1554 400 1611 liaerolio
414 1555 525 1610 dicatur
539 1555 587 1610 uti
602 1555 660 1611 illie
673 1557 772 1622 sedeat,
798 1555 925 1625 nunquid
948 1563 1033 1626 potest
1045 1554 1088 1609 di·
1142 1549 1209 1632 dere
1224 1553 1317 1675 grette
1331 1549 1443 1606 virtutis
1455 1556 1573 1623 accepta
1592 1552 1754 1609 sentiretur.
1768 1552 1839 1607 ldem
1852 1568 1935 1623 quippo

261 1640 323 1680 cere
335 1625 370 1679 ln
382 1625 513 1681 cathedra
522 1625 600 1681 Petri
611 1624 713 1699 ipuam
724 1627 845 1683 neseiosi
856 1627 900 1684 uel
908 1627 992 1682 oeulis
1001 1626 1086 1692 novit,
1143 1622 1230 1676 aetrta
1251 1623 1316 1675 atur
1324 1621 1361 1675 ad
1373 1622 1517 1679 tumulum
1526 1624 1617 1679 sancti
1628 1623 1751 1687 Martini,
1763 1638 1796 1678 ex
1804 1623 1891 1679 eodem
1900 1639 1936 1678 au·

262 1696 331 1751 etad
345 1695 421 1766 enjus
434 1697 652 1753 memoriamnon
664 1698 775 1764 aceedit,
793 1699 872 1769 qnasi
892 1699 1087 1753 schismaticus.
1103 1708 1127 1767 g
1142 1695 1230 1760 ctore,
1242 1690 1271 1746 in
1285 1691 1332 1747 lib.
1346 1708 1355 1746 r
1370 1693 1406 1748 da
1418 1691 1561 1750 lliraeulis
1575 1696 1706 1768 ejusdem
1732 1693 1827 1761 sancti,
1838 1709 1891 1765 cap.
1901 1694 1935 1763 lt,

261 1767 366 1822 Verum
380 1767 409 1822 id
424 1767 513 1823 etiam
528 1769 563 1823 de
577 1767 704 1838 qualibet
718 1769 836 1826 ecclesia
856 1769 998 1824 catholica
1011 1767 1089 1823 urbis
1142 1761 1190 1818 ubi
1200 1763 1236 1818 do
1250 1761 1378 1819 Callaecis
1389 1765 1497 1830 Suavis,
1514 1765 1563 1837 qui
1574 1773 1683 1838 partem
1690 1764 1854 1837 pelliiseriei
1862 1780 1935 1835 peme
2001 1822 2002 1829 ,

262 1838 625 1911 Romaiuterpretaudnm
640 1856 702 1896 esse
717 1841 840 1912 probant
855 1839 1088 1911 sequentiaejus·
1142 1840 1291 1905 tameuper
1305 1833 1434 1889 tentent
1487 1835 1573 1892 lirum
1590 1840 1748 1908 illinitum.
1775 1835 1894 1890 dilaniet:
1914 1835 1937 1888 δι’
2001 1844 2002 1863 ’

263 1909 330 1966 dem
343 1908 439 1992 optati
453 1910 806 1994 rerbaiEecelpraeeentes
832 1919 894 1995 sunt
910 1911 951 1966 ibi
968 1911 1089 1995 'clinum
1143 1906 1292 1987 invenimur
1307 1906 1426 1976 gratiam
1435 1852 1683 1991 mariniacensi
1708 1907 1818 1978 repetito
1835 1914 1935 1978 minuti.
2001 1914 2002 1947 l

263 1981 850 2119 nnttttcttmteetett
863 1982 1087 2065 t..
1140 1977 1671 2129 teeittumenntee
1691 1977 1937 2121 aniliter

263 2128 375 2178 constat.
392 2123 607 2195 llincestquod
636 2140 694 2180 non
718 2125 794 2196 prius
815 2124 866 2180 Pol
886 2141 986 2195 carpus
1008 2139 1089 2179 sacra
1149 2118 1266 2200 lfepilctc
1280 2135 1406 2200 erponem
1419 2128 1503 2189 mete,
1516 2122 1937 2199 sactonranequoeposnerontpen·

264 2191 332 2257 iecit
343 2193 372 2249 in
383 2193 502 2251 ecclesia
512 2197 643 2251 Romana
654 2211 740 2266 quam
754 2142 925 2266 potestaiem
947 2194 1033 2267 thus
1046 2195 1088 2250 rei
1141 2188 1275 2255 ittoiaen
1284 2191 1315 2244 ἐπ
1324 2190 1420 2261 quebm
1431 2195 1510 2246 tento
1520 2192 1592 2247 beati
1603 2194 1663 2248 oiri
1673 2192 1764 2262 insuia
1772 2198 1807 2245 ert
1818 2192 1938 2260 pectinat

263 2264 299 2318 ab
312 2263 430 2319 Aniceto
445 2263 577 2335 pontifice
594 2265 759 2337 accepisset.
1141 2261 1240 2317 tandiu
1252 2260 1386 2317 elevarent
1412 2261 1441 2316 in
1459 2262 1573 2319 settim
1596 2280 1697 2320 tei-eom
1712 2263 1820 2332 libram,
1849 2267 1938 2315 namna

299 2335 674 2416 liujuslooioecasionenon
689 2340 733 2393 est
755 2336 1088 2408 omittendumquodau-
1142 2332 1358 2404 tatneponrae
1379 2349 1430 2414 quc
1453 2334 1607 2391 meeederee
1635 2340 1816 2403 monnmana.
1832 2279 1938 2401 ilenique

263 2420 357 2475 perans
372 2405 454 2461 uobis
466 2405 580 2471 excidit,
588 2409 687 2463 llomae
696 2406 866 2478 peculiarem
881 2424 991 2464 morem
1004 2405 1087 2463 exsti·
1140 2403 1216 2459 ensis
1230 2419 1286 2474 quo
1302 2419 1392 2459 novus
1402 2405 1597 2475 imperatorin
1610 2404 1732 2462 solemni
1755 2402 1873 2460 suainau
1891 2416 1939 2455 uie·

262 2475 330 2532 tissa
344 2479 374 2532 ut
384 2476 474 2531 adulti
486 2478 534 2549 qui
548 2494 583 2534 ex
605 2478 725 2551 paganis
747 2479 783 2534 ad
796 2478 984 2535 christianam
997 2478 1086 2535 tidem
1140 2473 1416 2548 tioneaccingendns
1427 2475 1780 2550 eratdeenpereonseseione
1790 2418 1938 2530 nunties·

261 2547 597 2611 accedebantudleeeom
627 2549 785 2622 profitenda
807 2550 881 2621 fidei,
894 2550 1086 2621 oertiseertie,
1140 2545 1325 2615 tollebantur,
1349 2545 1488 2617 singulari
1514 2547 1673 2620 privilegio,
1698 2547 1773 2619 quod
1786 2544 1938 2628 regibosoon

262 2619 396 2701 conceptis
408 2620 755 2703 retentisquememoriter,
781 2621 815 2677 de
830 2620 885 2676 meo
906 2623 1085 2677 eminentiore
1140 2621 1391 2699 eratconceasum
1411 2618 1481 2674 ntiu
1502 2618 1657 2675 Ordinario
1677 2617 1773 2676 iacobi
1785 2614 1900 2673 Garatoni
1912 2612 1939 2668 le·

260 2690 1087 2843 ἱᾝὶἕοέἔςῖἰρέἕιυξξξῗιιιοςόξἡδ’ἷωξίιιοῗιᾞΠεῗτνὶἳὲξξῖθνὲἱ
1139 2705 1939 2842 guiiie'ememetiamcontessionempeecatorumapiuip

262 2831 305 2886 drt
313 2832 489 2902 Augustinus
499 2848 528 2887 ru
539 2832 589 2889 lib.
606 2849 652 2889 vni
672 2833 767 2899 Gonl„
778 2850 831 2917 cap
844 2835 870 2889 3.
1138 2845 1190 2902 per
1198 2834 1412 2885 sacramentum
1424 2832 1600 2901 peanitentiae
1608 2832 1708 2889 flabat.
1720 2834 1750 2888 ld
1762 2834 1834 2903 patet
1842 2845 1871 2885 ex
1879 2827 1938 2881 Petri

299 2902 436 2958 Revertor
450 2903 487 2957 ad
501 2902 594 2960 sancti
609 2903 686 2960 Petri
698 2903 920 2969 contessionem,
946 2919 1033 2975 quam
1046 2903 1087 2959 ita
1141 2898 1731 2973 Damiauiepietolaseuopusculodll,adA
1754 2906 1841 2958 netem
1851 2900 1938 2967 Angue·

264 2972 398 3056 describit
421 2973 571 3045 Gregorius
598 2976 770 3032 Turonensis
797 2975 955 3046 episeopus,
972 2975 1088 3030 inlini
1141 2920 1940 3095 tarn,adpuamital'etrusscribit:Sedetinpuiadpputtc

265 3045 301 3099 de
314 3043 408 3127 gloria
418 3045 585 3116 Martyrum,
600 3061 662 3117 cap.
679 3047 724 3104 28.
738 3048 796 3102 Hoc
812 3046 973 3118 sepulerum,
988 3046 1037 3101 sub
1048 3045 1089 3100 nl·
1105 3052 1127 3112 c
1142 3043 1231 3100 lorum
1242 3043 1597 3112 lemenooontlnnntsanotae
1604 3040 1856 3102 devotionietuieeal
1886 3044 1941 3091 niti

267 3122 325 3170 tare
338 3114 505 3180 collocatum,
519 3117 595 3171 ualde
618 3133 716 3172 rorum
742 3117 862 3173 indetur.
873 3117 924 3172 Sed
948 3118 995 3200 qui
1009 3133 1089 3173 orere
1143 3115 1287 3170 imitentur
1298 3110 1889 3189 mauritanensem-enementeinterere·
1895 3122 1940 3164 ne·

267 3185 411 3252 desiderat,
438 3186 568 3243 reserans
588 3186 712 3244 macellis
734 3188 829 3259 quiden
856 3188 927 3243 loeus
947 3187 1089 3242 elleamli·
1144 3185 1257 3260 lenione
1273 3191 1335 3240 ante
1362 3201 1469 3243 eaerum
1484 3187 1573 3243 altere
1596 3204 1637 3243 nee
1668 3184 1942 3259 enucleatione

267 3265 324 3327 tur,
340 3256 440 3313 aceedit
449 3274 530 3329 snper
541 3258 696 3330 sepulerum
710 3275 718 3326 ;
731 3267 756 3314 et
770 3260 811 3315 sie
822 3258 964 3332 fenestella
972 3259 1092 3329 peronia
1145 3256 1268 3328 inpulerit
1276 3256 1391 3327 gemitus
1404 3262 1429 3310 et
1443 3274 1539 3314 amara
1551 3259 1681 3325 suspiria
1688 3258 1722 3314 alr
1733 3258 1744 3314 i
1798 3256 1939 3331 quinquenii

265 3327 413 3400 patefacta,
433 3328 552 3385 immisso
573 3329 723 3387 introrsum
743 3331 840 3402 rapite,
868 3346 925 3402 pne
951 3329 1093 3386 mceseitos
1144 3328 1269 3400 intentio
1278 3326 1736 3402 temraaetueeennperattanan
1765 3326 1939 3394 eitnenpnti.

264 3399 368 3470 promit
391 3399 535 3471 ementem.
550 3399 606 3458 Nee
631 3407 759 3459 moratur
781 3402 899 3473 effeetus,
914 3402 940 3458 si
950 3401 1092 3473 petitionis
1144 3407 1171 3455 et
1185 3406 1314 3471 tanquam
1326 3396 1386 3452 illie
1398 3397 1453 3468 ipse
1465 3398 1875 3484 tenmaponotmeoeporatiter
1886 3405 1941 3474 itt?

267 3477 374 3525 tantum
380 3471 456 3540 jueta
469 3472 632 3542 proferatur
644 3474 748 3529 Oratio.
765 3472 838 3541 Quod
847 3473 873 3527 ei
887 3474 963 3529 beate
977 3472 1092 3543 auferre
1144 3471 1255 3536 uideret,
1270 3468 1409 3541 quidquid
1421 3470 1518 3527 subtile
1533 3472 1573 3528 oel
1590 3473 1730 3528 minutum
1744 3489 1773 3526 in
1790 3466 1940 3545 inmortali}

266 3540 406 3597 desiderat
435 3542 563 3612 pignora,
596 3543 741 3615 palliolum
776 3543 889 3615 aliquod
918 3550 1092 3601 momentano
1144 3549 1200 3598 tna
1209 3538 1429 3613 potuittitillare
1443 3544 1601 3609 annuitur,
1609 3542 1745 3616 quidquid
1756 3544 1785 3597 in
1795 3539 1939 3618 cogitationi-

262 3618 405 3694 peneotum
412 3613 487 3684 iacit
500 3613 677 3680 intrinsecus,
686 3613 782 3672 deinde
793 3614 911 3688 vigilans
924 3630 956 3670 ae
962 3615 1092 3686 jejunam
1144 3612 1192 3668 dne
1205 3628 1315 3678 uanum,
1342 3609 1456 3681 uidenti
1460 3620 1601 3683 praetereo
1608 3615 1755 3687 subrepere
1778 3610 1892 3684 potuitne
1900 3616 1941 3656 tet·

265 3682 428 3740 tleeoteeeime
435 3685 1091 3757 depreeaturuideeotionienaeoirturopostoliea
1143 3700 1224 3740 mone
1236 3701 1268 3739 en
1287 3627 1413 3755 miiitum,
1424 3684 1548 3755 peetttm
1559 3692 1598 3741 eet
1629 3684 1809 3742 relationibus
1817 3678 1937 3751 evolutum

265 3755 440 3827 suffragetur.
454 3755 562 3812 Mirum
572 3756 775 3827 distuleiitdes
802 3756 917 3812 leminis
942 3754 1092 3827 prouolue·
1143 3755 1187 3812 Ad
1200 3771 1255 3827 quo
1287 3753 1457 3811 inilicitum
1471 3755 1730 3813 eetutniltilalind
1740 3750 1868 3825 sementi
1877 3758 1943 3822 peet-

265 3825 317 3893 rit,
330 3826 461 3882 atnmnle
469 3826 612 3898 palliolum
632 3826 764 3884 elevatum
777 3828 819 3883 ito
850 3826 984 3884 imbuitur
997 3827 1091 3882 diuina
1144 3830 1238 3884 lentim
1246 3825 1351 3898 pondm
1365 3824 1545 3899 injungerem,
1560 3824 1845 3884 nisintiltuddieinte
1857 3820 1943 3889 lentlw·

265 3896 380 3963 uirtute,
397 3905 426 3953 ut
440 3897 654 3970 multoemplius
665 3915 744 3971 puam
757 3900 1092 3970 pniuepensaoerotpon·
1143 3897 1314 3969 niselopium
1336 3895 1464 3955 iterarem
1480 3914 1486 3953 :
1500 3898 1560 3969 Ape
1585 3898 1658 3969 qnod
1687 3898 1760 3981 apis,
1780 3905 1883 3967 operm

265 3967 418 4036 iterarunt
433 3976 497 4025 tune
509 3970 770 4043 eeitpuileueoerit,
783 3971 841 4042 eius
849 3970 1091 4041 gratiarumpsieee
1142 3967 1430 4041 opee·arie,etc.0uod
1461 3968 1559 4025 uidem
1571 3970 1613 4041 (ut
1625 3968 1658 4024 id
1671 3961 1871 4033 obiternoteml
1884 3952 1944 4014 haud

266 4039 336 4110 qnod
345 4039 440 4166 petiit.
451 4040 538 4123 diuiti
549 4042 622 4097 enim
635 4048 660 4097 et
674 4042 759 4098 omues
777 4041 919 4098 aneeaead
933 4040 1092 4097 resernndee
1144 4039 1214 4096 eatis
1229 4039 1405 4099 concordare
1420 3987 1531 4096 riietur
1545 4056 1610 4095 cum
1621 4041 1648 4112 ej
1654 4041 1756 4097 usdem
1770 4035 1842 4120 Petri
1853 4032 1942 4088 senten·

266 4125 346 4167 eanee
359 4110 476 4166 laetenti
490 4112 609 4183 sepulcri
629 4113 747 4184 faciunt,
763 4113 813 4185 qni
828 4113 944 4184 serentes
973 4110 1092 4195 cxxxiii]
1144 4111 1185 4167 tia
1200 4111 1228 4167 iu
1241 4108 1369 4183 opusculi
1384 4113 1429 4177 td,
1445 4110 1596 4183 capp.6et
1619 4113 1646 4175 l,
1660 4111 1708 4168 ubi
1729 4099 1945 4183 arguitquoeden
2001 4132 2002 4147 .

264 4182 516 4308 llilffll‘ll
543 4185 633 4310 itt
644 4184 1092 4326 ttttttttttttttttt
1144 4172 1946 4326 ttttttltlettttttetitttt‘tttttttt
2001 4156 2002 4231 l

265 4329 329 4376 etet.
343 4321 411 4378 Sunt
438 4322 477 4378 iti
489 4330 514 4378 et
537 4325 670 4380 columna
694 4326 842 4396 elegantia,
869 4325 986 4381 madore
1005 4341 1089 4390 niueo,
1146 4326 1213 4381 tiam
1222 4339 1277 4381 nen
1285 4327 1468 4397 imponebant,
1476 4324 1535 4380 nisi
1544 4330 1574 4380 nt
1583 4294 1752 4381 communem
1761 4310 1906 4378 nonenim·
1914 4323 1947 4364 or·
2001 4360 2002 4397 p

265 4399 585 4465 quatuornumero,pnoe
605 4394 740 4452 eiloei‘nm
762 4395 882 4465 sepulcri
906 4396 1092 4452 sustinendi·
1144 4397 1232 4452 dinem
1245 4405 1396 4454 servarent.
1408 4397 1447 4453 De
1458 4394 1535 4452 beati
1545 4395 1622 4451 Petri
1647 4394 1827 4452 confessione
1852 4386 1947 4514 &lilii
2001 4404 2002 4495 l

264 4469 375 4518 cuntur.
389 4463 533 4546 Hactenus
548 4465 699 4537 Gregorius
712 4465 899 4548 turonensis.
1145 4466 1399 4525 consuetudinibus
1413 4466 1591 4538 multaleges
1619 4467 1649 4522 in
1666 4463 1822 4539 appendice
1838 4475 1854 4515 a
1882 4450 1946 4511 erit·

300 4534 364 4588 Non
377 4549 470 4601 unica,
486 4535 613 4592 aeddan
637 4537 675 4592 ad
686 4538 762 4593 beati
778 4537 851 4594 Petri
874 4537 1035 4608 sepulerum
1051 4537 1091 4594 ie-
1145 4555 1214 4595 nem
1227 4537 1272 4594 et.

264 4605 496 4689 nestellrnerapt,
513 4606 680 4691 superipret
702 4606 831 4675 interior,
861 4624 924 4680 quse
948 4615 1092 4693 amaraette
1165 4609 1656 4698 'Hisquadamaddendaessenotde
1667 4598 1946 4715 modoadministtpss·

264 4675 1090 4832 :titllttttttttttttttltttlttdtttlttttt
1143 4676 1947 4836 tl.tt{tltettttttttttttttttttittet.t

265 4818 459 4902 Hormisdam,
482 4820 530 4875 nbi
544 4820 604 4877 lima
627 4822 713 4904 rerba
728 4822 826 4879 z'llmle
851 4824 912 4879 siet
927 4822 1092 4879 beatitudini
1143 4770 1496 4894 sequentiumlrbeliiirum
1510 4822 1664 4878 lectionem
1675 4820 1835 4903 remittere,
1844 4806 1947 4868 marine
2001 4802 2002 4843 t

265 4890 484 4957 aestimarentur,
499 4894 1002 4964 eanetuamabeatorumaportolorum
1011 4894 1089 4949 Petri
1144 4896 1182 4950 ad
1192 4893 1329 4950 Ordinem
1345 4897 1517 4960 Romanum,
1534 4893 1582 4965 qui
1597 4891 1643 4949 trie
1657 4893 1761 4949 ordine
1777 4892 1895 4947 decimus
1905 4876 1945 4937 eet,
2001 4864 2002 4927 l

265 4967 290 5015 et
301 4960 537 5043 l{outiaeeuntlnm
546 4965 685 5022 mennaei
705 4964 808 5036 largiri
822 4965 986 5037 ·pr·tecipite;
1008 4968 1043 5032 et,
1065 4965 1090 5020 ei
1143 4965 1192 5021 nbi
1206 4965 1299 5021 multa
1311 4966 1347 5021 de
1362 4965 1537 5038 paenitentiae
1546 4968 1730 5020 sacramento
1743 4963 1833 5033 deque
1841 4959 1947 5012 commu·

263 5031 432 5103 peripateti,
447 5033 483 5088 ed
498 5034 643 5092 secundem
665 5042 829 5093 mteraetom
858 5037 1090 5109 rmaeanctnaria
1144 5036 1231 5092 nione
1240 5036 1422 5093 intirmorum
1430 5035 1565 5109 preclare
1574 5034 1809 5106 praescribuntur.
1821 5030 1947 5084 flaccon-

264 5103 521 5186 deponereoeeteum
534 5113 572 5161 eet
585 5105 747 5187 deliberare.
776 5107 884 5180 Quippe
896 5107 943 5163 lon
965 5108 1090 5163 ema'or
1145 5107 1242 5164 monio
1255 5108 1421 5165 unctionem
1453 5124 1519 5163 uam
1533 5122 1667 5162 vocamus
1682 5082 1945 5180 extramamnlctffll

263 5183 452 5256 praerpgatrra
479 5178 657 5244 censebatur,
674 5195 699 5233 ar
722 5195 757 5234 ex
785 5179 910 5235 secunda
940 5124 1090 5235 Heuesteila
1144 5181 1378 5263 subsequebatur,
1390 5195 1425 5235 ex
1433 5125 1545 5235 ianime
1554 5168 1946 5251 1ἰὶ)οΙΙο;εοᾱοοιηηεινιυεξῑῦῦ8

260 5258 350 5372 panni
364 5262 450 5316 snper
459 5246 584 5303 loculum
600 5264 715 5304 aecrrem
726 5248 912 5316 inferrentur,
924 5249 1001 5320 quod
1013 5250 1090 5306 ride·
1144 5249 1284 5323 paulatim
1300 5250 1421 5305 invaluit
1432 5250 1469 5305 ab
1484 5250 1602 5305 ineunte
1621 5247 1738 5312 seculo,
1754 5246 1835 5300 tertio
1847 5239 1946 5321 decimi·

273 5314 328 5372 icet
341 5331 376 5372 ex
387 5317 441 5374 hac
451 5318 567 5389 propior
589 5323 664 5375 esset
691 5318 764 5375 sacri
783 5320 912 5391 corporis
931 5323 1089 5388 contactus,
1144 5320 1403 5395 cujusmutationis
1412 5320 1553 5392 originem
1562 5310 1945 5395 acritionemexppsmuusn

263 5387 392 5458 ldgenus
403 5387 553 5445 fenestella
563 5394 627 5445 erat
640 5390 677 5445 ad
690 5392 857 5445 Memoriam
871 5407 922 5445 sou
932 5390 1090 5446 oratorium
1145 5391 1508 5464 praefationeadsieaulnm
1524 5391 1649 5461 primum
1672 5386 1890 5444 Benediounum.
1931 5436 1936 5450 ,

263 5458 339 5514 beati
354 5458 401 5514 Ste
421 5458 527 5516 haniin
542 5459 657 5515 civitate
671 5460 810 5525 Uzalensi,
840 5465 964 5516 testante
984 5462 1090 5517 Evodio
1180 5462 1322 5527 Quoniam
1333 5478 1400 5519 raro
1418 5461 1461 5517 his
1472 5462 1501 5518 in
1518 5461 1619 5517 libellis
1646 5463 1702 5516 eta
1722 5456 1761 5515 ud
1783 5458 1882 5511 veteres
1894 5452 1946 5499 ΜΠ·

263 5528 294 5583 in
308 5529 356 5583 lib.
372 5546 381 5584 r
397 5476 432 5586 ie
447 5529 595 5612 Miraculis
609 5530 738 5612 ejusdem
754 5532 845 5613 sancti
860 5530 1006 5612 martyris,
1026 5548 1088 5603 cap.
1145 5536 1240 5605 ptores
1257 5533 1473 5601 ecclesiasticos,
1485 5532 1666 5589 anastasium
1683 5475 1722 5586 ei
1730 5527 1810 5594 alios,
1834 5515 1944 5604 quedem

264 5599 309 5667 te,
321 5616 377 5670 quo
393 5616 458 5656 cum
471 5601 590 5671 quidem
602 5617 670 5655 crrrs
681 5601 823 5657 Uticensis
835 5601 959 5674 paralysi
985 5602 1090 5673 pedum
1144 5606 1272 5661 obscurae
1281 5620 1364 5661 voees
1379 5620 1588 5675 nonnunquam
1609 5603 1770 5663 occurrunt,
1783 5612 1829 5653 eae
1840 5606 1867 5647 en
1881 5586 1944 5641 anm

266 5671 295 5749 et
309 5667 413 5739 lingna
426 5670 557 5727 altiectus
566 5670 725 5738 accessiset,
734 5677 900 5746 recuperato
911 5674 1017 5744 pedum
1029 5674 1092 5730 oill-
1145 5691 1257 5732 cessum
1271 5675 1318 5731 hic
1341 5675 1482 5747 explicere
1498 5676 1590 5747 jurat.

269 5754 313 5793 cio
324 5741 482 5797 ecueneeili
490 5739 624 5810 manicam
633 5746 802 5812 tnnieneuoe,
814 5750 877 5802 etee
887 5744 956 5817 pund
965 5745 1092 5801 erarium
1181 5746 1216 5802 lit
1229 5746 1355 5819 primum
1366 5745 1479 5819 quidem
1490 5761 1553 5803 sese
1561 5744 1644 5802 offert
1652 5731 1908 5812 immiscibilem,
1916 5721 1944 5775 dt
