4032 6176
112 308 157 370 sn
463 299 500 360 m
522 299 552 361 s.
576 298 755 362 cneconn
776 299 915 362 uranon
936 299 1273 367 slcnsneunonou
1295 270 1417 363 nura

1723 302 1781 362 als

110 440 190 492 states
204 431 247 487 lib.
261 429 293 483 ni
308 429 419 502 Degesti
431 442 445 472 ⁸
459 429 550 501 sancti
575 430 713 501 Gregorii,
738 431 823 501 epist.
845 430 899 485 63‘:
916 439 939 498 Α
958 446 1029 488 usur
1046 430 1163 502 (Nempe
1178 433 1212 487 ad
1229 432 1376 489 ecclesiam
1390 432 1538 501 vestram),
1549 438 1601 487 out
1611 430 1712 488 resedit
1723 449 1782 489 nra·

112 508 175 564 liniis
184 503 275 560 tatem
286 516 352 571 erpo
366 501 453 557 bodie
465 508 496 557 ut
509 502 675 558 subdiaconi
690 500 774 557 lincis
794 502 901 557 turricis
958 503 1051 569 citus,·
1065 510 1112 558 out
1117 510 1250 577 uqceotes
1260 504 1471 570 seductisuut,et
1479 504 1618 574 filiisequi
1622 505 1779 569 volucrina

107 573 302 651 procalantmisi
310 571 381 698 grtia
395 573 444 629 boc
453 581 628 630 amatresua
637 575 766 631 lismona
774 574 902 630 Ecclesia

31 700 32 703 ,
107 645 296 722 peruenerunt?
334 643 361 698 bi
381 647 450 699 nota
465 644 615 699 distinctos
630 645 698 699 olim
715 643 828 699 liabitas
844 644 902 698 dia-

31 716 32 719 ’
108 719 192 776 coniet
208 713 378 770 subdiaconi.
408 715 549 786 Siquidem
575 715 712 771 diaconus
732 716 902 771 induebatur

31 842 32 849 ,
107 787 241 851 dalmatica,
258 784 449 840 subdiaconus
463 787 569 842 tunica.
587 789 667 852 Quod
696 787 784 842 ctiam
806 786 902 842 vidore

106 868 139 918 est
148 861 171 914 in
184 858 293 939 antiquo
303 857 358 912 ritu
379 857 554 914 celebrandae
567 859 659 914 blissoe
673 857 901 913 loannisnbrin-

31 962 32 995 3
106 930 204 987 calensis
217 928 349 1001 episcopi,
372 927 402 983 in
419 929 574 1001 appendice
603 929 687 1003 hujus
714 929 779 984 libri
802 930 902 985 Sacra·

105 1006 248 1059 mentorum.

129 1073 179 1128 tto.
194 1070 346 1138 imputes.
359 1070 432 1135 Ouid
445 1072 482 1126 sit
496 1071 716 1138 ampulladocet
727 1074 843 1125 sanctus
854 1070 901 1125 lsi·

104 1142 281 1205 dorsalibus
297 1140 387 1212 Orig..
406 1160 467 1213 cap.
481 1143 514 1197 b:
541 1143 683 1210 Ampulla
703 1142 788 1213 puori
803 1142 900 1213 ampla

103 1215 165 1271 bulla
176 1213 280 1269 Similis
290 1213 416 1269 estenim
425 1214 604 1269 rotunditate
618 1213 708 1268 bullis
722 1227 784 1283 quse
794 1229 901 1278 cusiria-

103 1289 143 1341 nis
151 1300 282 1355 aquarum
292 1285 380 1351 ficiat,
396 1292 481 1356 utque
492 1286 534 1340 ito
543 1285 688 1352 irritamus
699 1284 900 1339 uentoGlossae

102 1355 351 1423 relttcsnlmttttlltt,
366 1355 485 1417 lisola.
496 1358 615 1416 Λήκυθος
629 1358 727 1410 aulem
740 1359 781 1410 esl
798 1355 900 1437 ἀγγεῖον

100 1425 238 1497 baudilio,
251 1426 344 1496 inquil
360 1432 459 1482 auctor
469 1427 572 1483 veteris
597 1425 791 1499 etymologici,
815 1428 842 1480 rd
858 1430 902 1481 est

100 1498 234 1569 rasinqoo
253 1498 346 1552 oleum
376 1499 550 1554 reconditur.
577 1499 657 1554 Unde
686 1497 813 1568 lecythus
836 1497 898 1567 olei,

99 1569 271 1639 llllicg.rvn.
299 1570 375 1624 Bene
402 1570 489 1641 igitur
516 1570 544 1625 in
572 1566 709 1640 ampullis
737 1567 902 1623 reconditur

97 1641 182 1696 oleum.
197 1656 244 1695 scu
259 1640 400 1705 chrisma,
410 1644 492 1713 justa
518 1656 625 1695 morem
641 1640 801 1721 antiquum.
815 1656 902 1710 quem

956 575 1085 629 nutstetit
1098 575 1289 643 [salersurore
1300 575 1781 645 inim-anta,persuoummmnestm

956 645 1042 699 diuiso
1056 652 1120 700 suut
1131 662 1256 716 corporo,
1266 653 1291 701 et
1300 649 1411 702 uomina
1423 647 1533 714 pietatis
1547 688 1553 701 .
1568 646 1605 702 m
1623 662 1678 701 nou
1689 648 1780 711 potui·

954 717 1004 769 stis
1015 720 1235 785 praetermittere
1248 717 1319 788 quod
1331 718 1484 786 lcqitsmum
1500 721 1547 783 cst,
1561 720 1652 789 utique
1664 718 1779 773 dicistis

957 788 1015 851 Rus
1028 788 1176 854 nobiccum,
1191 804 1295 858 nempe
1308 788 1335 842 in
1366 788 1553 843 conventibus
1577 792 1606 843 et
1633 789 1779 844 sacrillciis

956 858 1164 915 ecclesiasticis.
1178 859 1249 914 Dicit
1262 865 1358 915 autem
1376 859 1530 925 lepitimum
1542 859 1569 912 id
1580 860 1655 931 qnod
1668 859 1697 914 in
1709 859 1778 930 ipsis

955 929 1044 983 sacris
1058 930 1198 985 sancitum
1214 935 1257 986 est
1269 930 1434 985 iaciendum
1450 946 1457 995 ;
1492 929 1521 984 in
1543 930 1590 984 lib,
1604 947 1623 983 ιι
1641 931 1778 986 adversus

954 1000 1178 1055 Parrnenianum
1196 1019 1201 1054 1
1219 1001 1361 1072 Numquis
1372 1000 1777 1070 dubitatrsosilludlepitrmum

955 1072 1777 1142 iusacramentorummusterioproeterirenostposseiotierre

955 1157 1004 1198 uos
1019 1142 1115 1197 dicitis
1124 1159 1176 1207 nco
1187 1144 1322 1199 Ecclesia.
1337 1145 1416 1208 Quod
1433 1143 1538 1198 trustra
1552 1142 1668 1214 quidam
1690 1142 1777 1199 inter-

955 1215 1257 1283 pretanturCanoncm
1269 1215 1370 1270 Missae.
1388 1215 1469 1279 Quod
1483 1214 1507 1269 si
1523 1213 1563 1269 ita
1576 1220 1661 1275 esset,
1682 1213 1778 1269 dicen·

954 1286 1022 1338 dum
1036 1290 1098 1339 arnt
1113 1286 1192 1340 ittucl
1206 1286 1332 1355 tepitimi
1342 1289 1461 1341 Sanctus
1475 1286 1600 1341 loannes
1614 1285 1779 1353 chrysosto-

955 1355 1174 1421 mus‚bomil.3
1203 1356 1229 1411 in
1262 1356 1417 1428 Epistulam
1446 1357 1483 1412 aul
1509 1356 1689 1412 Colossonses
1711 1376 1716 1414 :
1737 1357 1778 1408 Ἐν

954 1434 1013 1486 ταῖς
1029 1426 1179 1487 ἐκκλησίαις
1189 1427 1292 1499 εἰρήνην
1306 1427 1329 1479 ἐν
1345 1436 1403 1489 ταῖς
1426 1427 1521 1489 liram,
1552 1426 1575 1479 ὲν
1588 1427 1776 1503 προρρήσισιν;

955 1502 1000 1548 καὶ
1012 1497 1092 1561 ἅπαξ,
1107 1504 1152 1549 καὶ
1165 1494 1218 1563 δίς,
1234 1503 1278 1551 καί
1293 1504 1359 1573 τρὶς,
1375 1504 1419 1551 καὶ
1434 1498 1558 1560 πολλάκις
1571 1499 1651 1557 αὐτὴν
1665 1495 1779 1552 diluam

956 1569 1030 1630 ὁτῆς
1048 1568 1204 1631 'Exscindine
1222 1575 1362 1642 προεστὼς,
1391 1570 1486 1642 Εἰρήνη
1512 1571 1582 1642 ὑμῖν,
1599 1568 1727 1623 intiba-s.
1743 1570 1775 1624 ld

956 1644 999 1693 cst
1013 1656 1019 1693 :
1033 1641 1064 1694 ln
1081 1639 1211 1695 Ecclesiis
1227 1657 1326 1711 pacem
1346 1641 1373 1696 in
1388 1641 1525 1713 precibus,
1555 1641 1583 1695 in
1604 1639 1781 1697 Praeiationi-

98 1712 313 1782 ridcreestnpud
328 1712 463 1782 Optatam
480 1712 684 1775 lllilcritunnm‚
699 1711 747 1765 lrb.
766 1726 783 1765 ιι
800 1713 902 1767 adver·
957 1711 1019 1776 bus,
1035 1711 1172 1777 etsemel,
1188 1717 1216 1765 et
1229 1711 1280 1773 bis,
1312 1718 1340 1768 ct
1361 1716 1546 1781 ter‚elsape
1577 1713 1626 1767 dat
1648 1711 1780 1767 Ecclesiae

95 1782 354 1838 susParmrniannm
366 1799 374 1837 t
385 1781 842 1854 Ampullamquoquecbrismntis
853 1798 903 1907 pes·
919 1802 939 1860 Β
958 1781 1057 1852 praesul
1069 1782 1165 1837 dicens
1182 1783 1237 1838 Pax
1251 1783 1337 1837 robis.
1360 1783 1411 1839 Ubi
1427 1788 1524 1838 tamen
1549 1799 1606 1838 non
1626 1783 1779 1856 legendum

94 1852 853 1923 [merirum.at[renneruntjactaverunt.norrootimtt
875 1870 903 1909 c·
957 1857 1000 1909 est
1014 1854 1085 1925 ὑμῖν,
1114 1855 1164 1908 sed
1179 1860 1270 1906 πᾶσιν.
1296 1857 1365 1910 Nam
1392 1854 1553 1925 paulopost
1580 1853 1666 1910 dicit:
1685 1859 1734 1907 ilat
1748 1854 1779 1906 ab

96 1942 141 1980 run
156 1923 200 1979 luit
215 1925 356 1996 episcopis
371 1942 485 1980 sacrnm
508 1925 635 1980 chrisma
654 1922 732 1979 omni
749 1923 795 1978 die
815 1924 901 1979 conil-
956 1923 1023 2009 λε’ριι
1038 1925 1051 1975 ὁ
1066 1932 1114 1985 τῆς
1130 1925 1284 1986 ’Castratae
1299 1930 1441 1997 προεστὼς,
1463 1926 1557 1997 Εἰρήνη
1582 1927 1654 1997 ὑμῖν,
1683 1925 1777 1990 ἁπλῶς,

94 2013 150 2060 sero,
167 2000 194 2051 nt
208 2001 287 2066 patet
304 2013 338 2051 er
353 1995 474 2052 concilio
489 1996 626 2051 Toletano
641 2011 660 2063 ι,
677 2011 742 2050 can.
769 1996 901 2066 hbzllpi-
957 1993 1242 2070 dirumpi-scabro.
1261 1997 1290 2050 ld
1320 2001 1362 2051 est
1388 1997 1449 2059 3Et
1476 2012 1532 2051 non
1561 1996 1630 2051 dicit
1650 1996 1780 2053 Ecclesia

94 2084 157 2138 scopo
168 2073 347 2122 mneoertum
363 2068 484 2139 estquod
498 2069 576 2123 omni
588 2074 706 2146 tempore
717 2066 902 2122 ticetcbrisma
955 2066 1123 2191 prepositus
1137 2067 1192 2121 Pax
1203 2067 1293 2127 nobis.
1307 2066 1483 2137 simpliciter.
1498 2068 1547 2122 sed
1562 2067 1621 2122 an
1634 2066 1777 2121 omnibus.

94 2140 215 2206 conflare.
231 2142 335 2194 Postea
350 2142 448 2194 tamon
463 2156 524 2194 mos
541 2138 703 2193 invalnilut
719 2138 858 2192 duntaxat
873 2138 901 2193 in
978 2153 1135 2208 ausamque
1163 2139 1319 2209 subjungit,
1358 2139 1424 2209 quin
1451 2155 1508 2192 non
1542 2154 1605 2193 cnm
1632 2155 1687 2193 nno
1729 2140 1780 2192 nul

94 2210 285 2264 CoenaOomiui
301 2210 499 2277 conficeretur,
513 2217 542 2265 ut
554 2210 758 2280 planumester
769 2208 901 2263 omnibus
954 2208 1044 2263 altero
1066 2207 1335 2279 parbabendacst.
1363 2210 1492 2265 scdcum
1515 2208 1654 2274 omnibus,
1677 2209 1717 2263 itn
1747 2211 1780 2262 nt

94 2281 178 2334 nostris
198 2282 447 2343 sacramentariis.
478 2285 507 2337 cl
528 2279 699 2351 Euchologio
725 2279 899 2335 Graecorum.
955 2278 1041 2333 etiam
1055 2278 1083 2334 in
1100 2285 1195 2335 mente
1208 2284 1306 2335 nostra
1323 2280 1420 2335 omnia
1447 2279 1603 2406 tranquilla
1619 2284 1646 2335 el
1662 2283 1779 2361 peccata

94 2350 155 2406 ldcm
168 2352 258 2407 ridere
274 2352 363 2407 estin
378 2351 628 2408 homiliabsancti
659 2350 698 2406 Eli
720 2349 739 2404 ii
762 2352 901 2407 detloena
955 2349 1021 2404 sint.
1038 2351 1118 2415 Quod
1131 2351 1319 2406 confirmatur
1333 2368 1365 2407 cx
1381 2349 1502 2405 homilia
1533 2352 1560 2411 6,
1575 2351 1603 2406 in
1620 2351 1706 2419 Epist.
1725 2350 1781 2420 pri-

94 2422 199 2477 llomioi:
212 2424 328 2494 Elquio
340 2425 369 2477 ia
384 2424 433 2478 bac
443 2424 681 2480 dissecratissima
693 2368 764 2487 liunt
776 2423 900 2491 pluruma
954 2423 1081 2476 mamad
1096 2421 1223 2477 Corinth.
1242 2440 1249 2477 z
1266 2423 1387 2495 Εἰρήνην,
1414 2427 1459 2475 καὶ
1484 2431 1527 2474 νῡν
1542 2428 1622 2475 πᾶσιν
1638 2424 1706 2483 ὁτῆς
1721 2421 1779 2473 Ἐκ·

93 2494 215 2549 iusunctc
228 2494 356 2549 Ecclesia
375 2511 440 2566 que
462 2496 614 2552 necessario
629 2493 702 2548 debet
724 2494 794 2548 scire
810 2501 901 2548 uestra
953 2492 1065 2554 alsatia
1079 2498 1209 2565 προεστὼς
1223 2492 1282 2546 inst
1308 2513 1362 2547 crat
1387 2494 1418 2549 ld
1437 2498 1502 2550 cst:
1534 2494 1654 2549 Etnunc
1680 2509 1779 2562 pacem

92 2565 223 2629 industria,
242 2566 320 2621 sicut
333 2569 528 2633 penitentium
542 2565 741 2628 reconciliatio,
757 2565 833 2619 socri
846 2565 900 2620 olei
953 2564 1086 2619 omnibus
1102 2564 1270 2633 deprecatur
1284 2515 1417 2621 §cclesias
1432 2564 1544 2634 praesul.
1562 2566 1594 2619 Et
1614 2566 1643 2619 in
1658 2562 1780 2644 liturgiis

91 2635 787 2706 benedicitusanctichrismatismufectio,fraterno
800 2635 899 2705 pedum
953 2640 1117 2690 sanctorum
1144 2634 1239 2690 basilii
1263 2640 1291 2692 et
1322 2634 1516 2709 Chrysostomi
1540 2637 1673 2691 sacerdos
1697 2636 1777 2690 trac:

89 2706 183 2765 ablutio.
203 2708 235 2762 lit
248 2708 277 2763 in
288 2724 429 2763 sermone
444 2710 479 2765 de
495 2709 630 2764 unctione
642 2706 803 2762 chrismalis
825 2706 900 2763 inter
954 2706 1049 2773 Εἰρήνη
1064 2712 1155 2770 πᾶσιν,
1176 2707 1263 2762 idest
1280 2725 1286 2762 :
1302 2708 1359 2763 Pax
1386 2707 1530 2771 omnibus,
1556 2711 1587 2761 nt
1606 2707 1635 2762 in
1658 2705 1778 2778 liturgiis

89 2794 159 2847 opera
171 2780 258 2834 sancti
274 2779 411 2850 Cypriani
430 2796 436 2835 :
452 2780 513 2836 Dies
526 2781 582 2836 ista
596 2777 794 2846 multiplicibus
806 2786 899 2849 myste-
953 2782 1117 2832 sanctorum
1133 2778 1229 2833 iacobi
1242 2782 1270 2833 el
1285 2779 1461 2844 Marcialio
1479 2778 1593 2850 liturgia
1617 2776 1780 2833 Prmsancti·

91 2851 131 2903 riis
140 2848 416 2906 bonoratur.Hocdie
424 2854 547 2922 primum
560 2850 650 2922 326
663 2850 847 2913 commendato
859 2856 899 2905 est
953 2848 1430 2915 licatorum.0nodconfirmaturex
1440 2849 1561 2905 Theoria
1570 2849 1778 2919 mysticasanc-

91 2919 151 2975 nobis
163 2922 261 2989 fractio
273 2925 370 2994 panis.
385 2922 465 2976 lindie
481 2926 510 2977 iu
525 2922 640 2977 Ecclesia
650 2937 711 2976 cum
727 2921 834 2976 ceteris
850 2938 899 2976 uu·
952 2919 988 2974 cti
1003 2920 1138 2976 Germani
1154 2921 1323 2992 patriarchas
1339 2920 1658 2992 Constantinopolitani,
1676 2920 1704 2976 in
1722 2937 1779 2991 qua

90 2991 202 3045 clunibus
214 2993 249 3047 ad
268 2992 404 3064 populum
419 2992 612 3064 acquisitionis
620 2990 854 3061 sanctificandum,
867 2992 899 3047 iu
954 2991 1014 3046 baec
1031 2992 1115 3047 verba
1129 3008 1268 3048 enarrans
1290 2993 1358 3047 dicit
1374 3010 1380 3049 :
1399 2997 1496 3067 Εἰρήνη
1513 2998 1603 3044 πᾶσιν·
1630 2994 1779 3064 ὁμογνωμο-

89 3064 308 3133 participationem
324 3064 473 3135 diprtilott‘s
483 3073 506 3119 et
519 3064 762 3125 commarcarum
774 3063 898 3119 chrisma
953 3065 1043 3129 σήνήν,
1056 3063 1274 3134 recipiuntaut
1289 3071 1437 3122 ταντήτήτα
1451 3083 1498 3116 rus
1514 3065 1648 3125 άπτοντις.
1669 3068 1722 3118 etc.
1746 3063 1777 3117 ld

88 3134 222 3200 subestur.
236 3134 271 3189 Et
283 3135 461 3190 statuitnrin
475 3135 596 3191 concilio
607 3134 757 3200 liddensi,
773 3150 836 3189 can.
851 3136 895 3201 lb,
912 3166 934 3223 G
952 3137 995 3188 cst
1012 3151 1018 3190 ε
1037 3135 1103 3191 Pac
1114 3136 1444 3193 omnebustconrordiam
1454 3135 1541 3206 327
1554 3135 1774 3191 ctdilectiouem.

90 3211 113 3257 at
124 3222 189 3260 nemo
200 3223 312 3261 sacrum
328 3207 458 3273 chrisma,
474 3206 530 3261 nisi
544 3208 575 3262 iu
591 3206 688 3276 quinto
703 3209 773 3269 feria
784 3207 897 3276 majoris
952 3211 979 3261 et
994 3205 1117 3260 eurndcm
1126 3221 1234 3262 sorsum
1241 3208 1314 3261 iuter
1323 3209 1495 3263 nosiuuicem
1505 3213 1663 3276 coaptantes
1671 3205 1778 3260 Domini
1829 3228 1834 3243 ν

90 3272 247 3341 bebdomada,
260 3278 290 3331 id
305 3285 348 3333 est
361 3280 390 3332 in
398 3279 492 3346 Oeno,
507 3293 567 3350 quas
577 3276 732 3349 specialiter
741 3277 898 3349 appellatur
951 3276 1133 3331 imitationem
1149 3279 1328 3347 accipiamus,
1343 3295 1437 3347 pacem
1448 3294 1530 3333 suam
1548 3278 1734 3348 relinquentis
1752 3278 1777 3331 et

90 3343 223 3411 doninica,
239 3350 378 3418 conficere
390 3359 545 3420 prasumat.
951 3347 1059 3401 danitis.
1077 3348 1131 3402 Sed
1147 3348 1217 3403 illud
1233 3349 1294 3403 Par
1305 3350 1427 3405 omuibus
1454 3349 1613 3405 Grmcorum
1628 3352 1681 3415 est,
1701 3346 1777 3403 ulci-

101 3418 166 3493 ΕΙ.
189 3419 222 3475 Ut
247 3424 360 3491 accepto
390 3422 521 3486 bobono,
548 3426 602 3478 etc.
632 3419 765 3478 Chrisma
781 3424 898 3475 nonest
951 3418 1071 3473 tatiloci
1088 3421 1579 3487 testantnr3ntrbl'onuobis,seu
1602 3421 1663 3474 Pan
1689 3421 1779 3477 uobis·

89 3487 188 3559 simplex
202 3491 296 3546 oleum
311 3507 319 3555 ;
336 3491 386 3545 ssd
404 3491 428 3547 ei
446 3492 603 3548 balsamum
621 3492 805 3557 admiscetur,
821 3494 851 3545 ut
866 3490 897 3545 li·
951 3505 1028 3554 cum,
1043 3494 1086 3544 ost
1098 3490 1276 3555 Latinorum,
1289 3495 1318 3544 nt
1345 3507 1380 3546 ex
1399 3492 1502 3561 Optato
1512 3490 1770 3563 Milcvilanosupra

88 3564 139 3625 quet
151 3578 181 3614 ex
195 3578 282 3632 supra
292 3561 385 3617 citato
398 3578 533 3619 sermone
548 3565 583 3620 de
599 3564 733 3619 unctione
758 3562 897 3617 chrisma·
950 3560 1047 3623 citato,
1062 3560 1134 3615 libro
1164 3565 1262 3616 nostro
1289 3562 1543 3618 Sacramentorum
1562 3568 1589 3617 et
1610 3561 1711 3619 Codice
1726 3565 1779 3621 na-

87 3626 128 3681 tis:
146 3636 250 3687 iaceam
274 3634 400 3688 chrisma
422 3635 579 3705 conficitur,
595 3638 624 3689 in
637 3652 688 3706 quo
708 3633 822 3688 mistum
841 3633 897 3690 oleo
952 3630 1021 3685 toldi
1037 3647 1102 3686 mox
1118 3631 1232 3687 citando
1247 3631 1434 3688 manifestum
1454 3638 1507 3687 est.
1524 3632 1685 3704 Aliquando
1696 3635 1776 3699 olim,

86 3696 897 3777 tatsamamreporetsaaruosatssptortnespcmttuitta·
951 3701 979 3756 in
1014 3701 1176 3769 Occidente,
1204 3704 1332 3759 maxime
1356 3705 1383 3758 in
1409 3703 1556 3775 Hispania,
1583 3705 1691 3759 dictum
1726 3705 1778 3762 luit

86 3774 139 3829 tan:
150 3774 282 3846 Gregorio
293 3791 345 3829 ms
370 3792 415 3833 no,
435 3777 611 3847 expositione
626 3777 654 3832 in
670 3794 731 3845 cap.
754 3775 772 3830 ii
788 3775 896 3831 Cantici
952 3773 1081 3828 Dominus
1093 3776 1131 3828 sit
1143 3775 1293 3840 nobiscnm,
1310 3777 1342 3830 nt
1360 3774 1455 3831 videre
1471 3782 1512 3831 est
1531 3775 1558 3829 in
1575 3774 1696 3830 concilio
1712 3776 1777 3832 Bra·

86 3843 239 3900 canticorum
257 3869 263 3900 ι
279 3848 314 3901 lu
332 3792 459 3915 agapetus·
483 3848 637 3905 balsamum
667 3848 800 3919 pipnitur,
827 3846 897 3917 qnod
951 3844 1061 3899 casensi
1073 3860 1091 3909 t,
1107 3861 1171 3900 can.
1188 3846 1218 3900 hl
1232 3846 1366 3901 secundas
1381 3846 1593 3902 consiliationis
1609 3868 1615 3901 :
1632 3846 1701 3902 ltem
1716 3849 1775 3918 pla·

85 3916 364 3988 cumoleopontt'ficati
372 3919 555 3974 benedictione
570 3919 830 3989 cbrismoesficitur,
863 3934 896 3973 ao
951 3919 1010 3969 curt
1025 3923 1057 3970 ut
1069 3932 1124 3972 nou
1134 3917 1221 3972 aliter
1232 3919 1364 3989 episcopi,
1381 3919 1465 3973 aliter·
1476 3917 1642 3988 presbyteri,
1658 3919 1773 3975 cedreno

85 3982 149 4066 dana
158 3986 383 4058 Spiritussancti
395 3936 896 4061 exprimuntur.EtconcilioCabiiio-
950 3985 1029 4040 modo
1042 3987 1173 4052 solident,
1189 3987 1309 4043 utentes
1323 3989 1477 4044 :Dominus
1489 3990 1525 4044 sit
1547 3988 1690 4044 uobiscum.
1722 3992 1774 4048 Ubi

85 4067 159 4119 nonu,
173 4075 233 4128 cap.
248 4061 277 4126 9,
296 4077 312 4113 a
319 4061 378 4131 pud
406 4061 614 4130 Burcbnrdnm,
630 4062 681 4117 lib.
708 4077 745 4121 ιιι,
762 4076 824 4131 cap.
840 4059 894 4115 93:
950 4073 1013 4112 cum
1032 4063 1131 4128 postea
1157 4060 1254 4114 scribit
1266 4062 1350 4116 omnis
1364 4060 1462 4115 retinet
1486 4060 1597 4125 Oriens,
1623 4060 1774 4131 legendnm

84 4127 176 4193 mnam
188 4134 299 4197 tratres
308 4131 446 4187 dicerunt
456 4137 577 4203 antiquat
585 4131 791 4190 consuetudinis
802 4130 894 4199 fuisse,
951 4132 1019 4198 pulo
1036 4128 1249 4212 Occidens,quin
1260 4130 1286 4185 in
1295 4130 1419 4186 Ecclesia
1434 4129 1571 4187 Orientali
1582 4130 1670 4186 alium
1689 4131 1775 4189 fuisse

84 4202 106 4247 tt
116 4201 292 4277 probalsamo
302 4204 423 4257 emmrdo
437 4201 834 4274 adcbrismasacisndumsiue
842 4218 895 4272 pro
952 4214 1036 4254 usum
1053 4200 1219 4256 testimonia
1234 4201 1371 4271 producta
1383 4202 1453 4257 satis
1478 4202 1677 4257 manifestent.
1693 4204 1774 4261 Circa

84 4264 250 4327 hmsnaribas
264 4273 614 4339 ecclcsiaecouciunaudis
630 4275 711 4330 binos
732 4273 771 4327 uel
787 4279 893 4342 quater·
951 4268 1026 4325 hauc
1040 4271 1225 4337 cambonem,
1239 4275 1304 4328 Pon
1315 4272 1466 4337 uobiscum,
1494 4273 1556 4329 haec
1585 4276 1714 4330 notanda
1732 4293 1774 4331 ro

84 4341 250 4399 undenarios
266 4345 427 4415 presbyteri
447 4346 558 4401 durent.
587 4345 676 4401 Graeci
688 4345 715 4399 io
731 4343 895 4400 chrismalis
950 4340 1034 4396 niunt
1049 4359 1082 4397 ex
1095 4342 1197 4400 Codice
1209 4344 1324 4399 Ratoldi
1339 4343 1467 4399 abbatis:
1486 4344 1593 4410 Postea,
1616 4361 1673 4405 noc
1687 4347 1774 4403 uobis·

83 4408 240 4487 coniectione
252 4415 388 4470 diuersas
404 4416 559 4487 fragrantis
583 4418 679 4473 odoris
694 4415 831 4470 materias
846 4416 896 4470 ad·
949 4426 1016 4468 cum
1027 4429 1036 4477 ;
1048 4415 1656 4486 ertrsmstconsoteatciceresparsissemus·
1665 4424 1774 4475 tantum

82 4488 191 4558 uiuent,
209 4491 239 4540 nt
254 4490 384 4542 testatur
399 4492 514 4542 sanctus
528 4488 688 4558 Dionysius,
703 4504 764 4557 cap.
781 4486 798 4540 l
825 4487 891 4542 eccl.
949 4483 1050 4539 diebus
1063 4488 1157 4554 testis.

84 4549 231 4633 ll'rerarcbisa
248 4573 255 4611 :
272 4560 350 4615 ήτνῡ
363 4559 447 4631 μύρου
460 4561 578 4619 σύνθεσις
602 4564 739 4630 συναγωγή
759 4561 799 4618 τίς
825 4556 893 4611 ἐστιν
915 4611 918 4615 ,
985 4554 1074 4612 Ροιιο
1090 4561 1156 4611 ante
1169 4555 1296 4625 Missam,
1312 4556 1341 4611 in
1357 4556 1460 4612 Codice
1481 4557 1634 4613 Rhemensi
1651 4557 1773 4616 babetur

84 4628 175 4701 rumim
188 4627 264 4680 ileon.
280 4629 314 4682 ld
326 4634 380 4694 est,
393 4630 527 4699 unguenti
539 4648 588 4684 seu
605 4630 768 4685 chrismatis
779 4645 893 4699 compo·
949 4628 1142 4682 reconciliatio
1158 4628 1367 4699 poenilentium.
1384 4628 1419 4684 de
1432 4646 1487 4700 qua
1504 4629 1580 4684 inira
1592 4632 1772 4687 commodius

82 4698 270 4775 unoquaedam
288 4699 677 4771 collectioestiragranlium
693 4700 891 4755 materiarum.
948 4695 1067 4756 dicetur.
1087 4700 1150 4754 Post
1167 4699 1283 4753 blissam
1311 4700 1439 4770 seqnitur
1455 4716 1462 4754 r
1481 4701 1772 4770 ltaeunseriablldissa

82 4762 228 4822 admiscent
243 4774 346 4825 aulam
364 4776 465 4840 prater
478 4771 577 4827 vinum
593 4777 622 4827 et
637 4772 732 4827 oleum
746 4770 892 4826 sufficiens
947 4766 1237 4826 cirismatisOratio:
1252 4772 1520 4842 commensusque·
1529 4772 1560 4826 in
1572 4773 1771 4843 reponerandts

83 4845 119 4887 ser
132 4842 157 4890 cl
169 4838 285 4911 triginta
299 4857 466 4913 generasen
478 4848 652 4913 aromatum,
666 4843 890 4909 seuherbarum,
946 4839 1079 4906 plebibus
1095 4849 1175 4909 tuis,
1189 4843 1242 4897 etc.
1255 4842 1387 4897 Secunda
1405 4858 1411 4897 ε
1425 4843 1465 4897 Do
1479 4842 1568 4909 uobis,
1592 4846 1771 4914 oninipoteus

82 4907 107 4956 nt
119 4904 228 4965 babetur
243 4911 272 4966 in
285 4928 389 4967 eorum
407 4914 590 4985 Euchologio.
946 4910 1031 4971 Deus,
1045 4912 1170 4968 remedia
1183 4912 1562 4979 conditionisbumanae,etc.
1575 4914 1665 4986 Super
1673 4914 1770 4971 oblata

108 4976 160 5032 ²62.
177 4980 356 5038 cereostatis.
373 4983 539 5040 Cereostata
551 4988 616 5040 sunl
637 4984 809 5039 candelabra
844 5001 892 5039 uo·
947 4981 1770 5056 Hujussummitpotentia,Darntaequasamasetutnae-

83 5058 132 5122 mm
146 5065 208 5106 usus
220 5057 266 5108 cst
280 5052 312 5109 in
322 5054 469 5109 altaribus.
484 5057 561 5111 lianc
573 5071 670 5110 vocem
684 5054 786 5126 saepius
795 5001 891 5111 cliens
946 5049 1215 5109 iatio:Clementiam
1225 5055 1612 5125 tuomsupplicitcrenorare,
1621 5057 1770 5114 utsniritc·

82 5112 134 5192 licet
143 5124 213 5190 apud
226 5126 417 5181 Anastasium
433 5125 683 5184 bibliothecarium
697 5125 725 5181 in
737 5126 808 5182 Vitis
817 5143 890 5198 pon·
945 5121 981 5204 lis
996 5125 1102 5180 lauacri
1114 5125 1426 5195 baptismorenouandis
1435 5132 1597 5183 creaturam
1606 5128 1769 5185 chrismatis

83 5185 172 5245 tticum
185 5192 400 5251 Romanorum.
944 5209 976 5247 cn
991 5200 1270 5259 sacramentumctc.
1280 5197 1358 5252 lnira
1374 5198 1538 5254 Actionem:
1549 5200 1770 5255 Communicam-

109 5257 161 5318 bbt.
178 5267 237 5319 Pac
250 5267 335 5322 rubis.
352 5267 486 5323 Formulu
503 5271 546 5323 est
565 5266 745 5323 salutationis
760 5284 815 5338 qua
835 5269 889 5323 nti·
943 5272 995 5334 tes,
1011 5272 1077 5333 etc,
1095 5271 1126 5322 nt
1141 5265 1169 5321 in
1184 5267 1285 5323 Codice
1297 5268 1387 5323 sancti
1402 5269 1493 5341 Eligii.
1505 5270 1575 5325 ltcm
1592 5269 1648 5325 alia
1664 5272 1769 5327 :Hanc

83 5324 247 5413 bipontinus
262 5337 293 5392 in
311 5339 400 5393 sacris
415 5338 550 5394 maxime.
569 5339 698 5395 Pontifex
714 5339 829 5394 enimin
845 5357 888 5395 ec·
942 5338 1766 5413 igituroblatiouem[annulorumfamularamquetuarum,
1801 5378 1807 5385 -

83 5395 236 5485 Γήιειιιιιιιιιι
249 5408 314 5479 ipsa
333 5426 413 5465 sacra
428 5410 531 5480 sepius
548 5411 651 5480 populo
676 5411 761 5466 dabat
776 5427 887 5481 pacem,
943 5408 1099 5484 quomtrbi
1124 5409 1253 5478 offerunt
1277 5412 1309 5465 ob
1345 5411 1419 5467 diem
1450 5413 1481 5467 io
1518 5414 1766 5467 uaDomiuusuo·

84 5475 237 5533 ascisceret
253 5483 326 5535 Pac
338 5482 419 5547 uobis,
435 5497 485 5537 seu
501 5483 563 5536 Pan
590 5482 735 5545 vobiscum,
753 5498 801 5536 seu
825 5482 888 5537 Pus
942 5489 1003 5539 ster
1016 5480 1369 5537 .lcsrcstsistustradidit
1382 5428 1597 5551 discindimus
1610 5480 1768 5547 corpori-set

85 5544 196 5624 menbris.
213 5551 340 5620 Optatus
354 5552 556 5617 bliteritnmus,
570 5552 618 5606 lib.
636 5569 664 5607 m
677 5555 812 5608 adversus
823 5554 887 5608 Por·
940 5551 1146 5621 sarspntntsmt
1154 5552 1467 5619 musteriumlebranda
1477 5551 1767 5624 quiasumosttomtm

84 5622 225 5675 muranum
242 5640 250 5679 :
266 5622 339 5677 Νοιι
351 5624 424 5680 enim
436 5639 652 5695 unamquamque
675 5624 783 5679 domitm
805 5624 887 5681 semel
941 5627 1077 5696 placatus
1090 5623 1225 5691 accipias,
1238 5629 1265 5679 et
1279 5624 1385 5690 pietate
1400 5624 1543 5688 concedas,
1569 5631 1597 5678 ut
1607 5638 1656 5692 per
1671 5623 1767 5678 multa

86 5680 238 5753 lucendum
254 5696 357 5766 simul)
372 5695 498 5755 reducere
509 5696 637 5766 potuistis
648 5713 658 5761 ,·
687 5694 735 5752 scd
759 5700 808 5751 aut
836 5695 886 5751 ivit
943 5693 1767 5767 corniculantium-umsatut,et,iacolamesmuuerasuatibi

114 5808 203 5871 ¹ch
213 5815 264 5875 lib.
279 5834 322 5876 ιι.
