4022 6174
205 240 263 306 sus
593 233 683 300 tus.
705 216 1390 301 chauohunsanltsshauhsurnttnn
1411 222 1530 301 anah.

204 374 331 432 sacrari.
348 373 387 427 Ex
399 370 499 426 concil.
511 369 683 442 Epaonensi,
694 385 758 425 can.
774 368 809 425 26
825 370 958 425 :Altaria
968 384 1028 424 nnn
1046 374 1068 432 Α
1084 384 1168 440 gnea,
1184 385 1249 438 quas
1263 373 1326 424 tum
1341 368 1369 424 in
1379 368 1473 425 Africa
1482 370 1566 425 erant
1574 367 1683 435 usitata,
1694 375 1726 427 ut
1735 373 1834 431 clarum
1847 385 1883 435 est

1734 170 1975 312 ''tat³

1974 240 1976 309 l

204 442 1029 514 inniderecitrismntisnnctionennnsacrentur.Exsanctn
1084 455 1117 494 ex
1133 439 1234 494 eodem
1251 441 1366 566 Optato,
1381 457 1475 512 supra,
1490 441 1591 497 eodem
1607 438 1777 512 lihrozScd,
1792 454 1885 506 uterv-
1974 454 1975 467 ¹

204 516 351 588 Dionysio,
367 531 427 585 cap.
438 512 539 570 lliccl⁴
559 514 684 569 Hieran:
703 512 1029 569 llaecetmmsnncteod·
1082 513 1179 575 stimo,
1194 512 1254 592 ctio
1281 526 1332 568 oco
1343 513 1582 593 copintipnnrnm
1592 512 1885 584 frongijnssitmtiont

202 583 1029 667 sernnmtsucrutissimnrnmwoclinleempsteriorum
1083 583 1886 654 rudereniltpnornminopenimperauitmtremunerentur

202 656 310 715 atteris
324 663 573 713 consecrationem
583 664 691 715 ταῑςτου
703 657 841 729 aspasiam
852 658 936 728 μύρου
948 655 1030 707 relar—
1083 668 1121 709 en
1141 660 1228 721 parte
1246 655 1422 710 verecundia
1430 655 1531 724 jussit.
1549 654 1574 708 N
1576 670 1622 708 am
1643 655 1727 711 refert
1739 674 1832 714 causas
1845 678 1887 717 cur
1974 714 1975 721 ,

203 737 293 805 cuppa
313 733 454 799 sarapion
481 726 645 798 instoriam,
662 726 691 781 id
705 730 758 790 est,
771 726 966 782 sacratissimi
976 742 1028 781 nn·
1083 724 1256 780 schismatici
1271 724 1340 780 alibi
1361 725 1464 781 altaria
1480 725 1624 796 fregerint,
1636 726 1702 781 alibi
1714 733 1836 797 raserint,
1845 732 1888 787 ali·

202 801 504 871 guentisunctrssimia
509 800 624 867 perficit
631 797 842 867 infusionibus.
857 798 1029 852 Petrusrero
1084 795 1111 850 bi
1126 795 1307 850 removerint.
1324 802 1381 852 Cur
1404 796 1433 851 in
1448 797 1618 868 quibusdam
1632 797 1699 853 locis
1713 798 1848 872 fregerint,
1862 803 1887 859 ih

204 871 348 935 Damiani,
364 885 497 926 sermone
510 886 596 940 supra
611 869 708 935 citato,
725 870 760 924 de
774 868 900 924 ecclesiae
915 869 1033 923 Oediea1
1083 883 1172 921 carisa
1187 866 1241 921 fuit
1255 867 1398 939 lignorum
1411 868 1511 949 copia3
1528 884 1616 939 quare
1629 868 1695 923 alihi
1709 871 1833 937 raserint,
1845 874 1889 957 lig·

204 944 282 999 tione
302 943 342 997 ita
361 941 479 996 scribit:
497 941 600 997 Atiam
625 956 693 997 vern
714 939 841 996 mistura
860 940 1031 995 chrismatis
1084 953 1185 993 norum
1200 938 1308 1011 inopia,
1328 955 1365 995 ne
1386 940 1506 994 forsitan
1519 939 1600 995 noris
1613 939 1748 996 altaribus
1759 941 1889 1025 erigendus

204 1016 317 1086 oleique
339 1012 489 1085 permngit.
522 1011 568 1067 Sic
592 1012 668 1067 enim
696 1010 831 1081 loquitur,
851 1011 918 1082 quia
939 1011 1030 1066 altare
1083 1008 1162 1079 ligna
1176 1009 1390 1075 deessent;cur
1401 1012 1518 1066 demum
1532 1010 1561 1066 in
1577 1011 1744 1082 quibusdam
1758 1012 1823 1069 locus
1835 1019 1889 1070 tan·

135 1130 139 1136 .
203 1085 281 1158 priua
296 1084 481 1152 oleo‚deinde
491 1082 646 1138 chrismate
655 1081 831 1154 perungitur,
841 1086 915 1137 ntea
926 1080 1030 1137 nostris
1083 1083 1145 1135 tum
1162 1081 1344 1149 removerint,
1361 1082 1390 1137 id
1406 1081 1473 1136 iecit
1484 1082 1662 1137 verecundia.
1677 1083 1708 1137 lit
1719 1083 1803 1139 Paulo
1815 1090 1888 1167 posi:

204 1155 444 1213 sacramentariis
460 1154 557 1237 liquet,
572 1158 601 1209 et
615 1171 648 1209 ex
663 1156 759 1223 ivone,
776 1169 864 1209 serm.
881 1154 916 1209 de
929 1156 1028 1209 Sacra·
1085 1152 1351 1220 Onidperditornm
1358 1154 1669 1222 conductnmcefernm
1677 1155 1890 1221 multitudinem,

204 1229 308 1284 mentis
322 1226 523 1282 Dedicationrs.
1083 1230 1110 1279 ef
1127 1227 1227 1279 vinnm
1244 1226 1274 1279 in
1282 1225 1444 1280 mercedem
1454 1225 1573 1281 sceleris
1585 1226 1687 1280 dntnm
1698 1223 1797 1297 fqnod
1807 1232 1836 1280 nt
1846 1229 1892 1283 im-

238 1298 300 1355 668.
322 1299 433 1354 Dextro
444 1297 477 1353 in
490 1298 609 1353 dextro.
630 1295 680 1351 Hic
694 1294 876 1351 desideratur
889 1295 1030 1366 particula
1083 1296 1253 1351 mnndoore
1264 1295 1440 1365 nsccrilepis
1453 1296 1583 1352 institas
1594 1296 1749 1361 biberetur,
1761 1297 1852 1353 calido
1861 1299 1893 1355 de

203 1371 249 1442 de,
267 1387 330 1442 quae
343 1373 435 1425 exstat
449 1370 477 1424 in
494 1368 562 1424 Cod.
578 1367 679 1423 Rham.
697 1368 752 1422 Sed
764 1366 918 1437 legendum
934 1371 977 1422 est
989 1367 1030 1424 Oe
1080 1366 1261 1436 fragmentis
1279 1367 1423 1423 altarium
1437 1367 1522 1436 sucta
1537 1374 1588 1424 esi.
1607 1368 1636 1421 ld
1649 1370 1701 1431 est,
1716 1367 1892 1423 calefecerunt
1974 1398 1975 1401 =

201 1442 309 1499 dextro
317 1441 446 1512 usquein
457 1441 607 1496 dextrum.
622 1443 650 1493 tu
661 1438 762 1492 ttodice
774 1440 839 1495 liat.
855 1437 895 1492 sic
905 1437 1027 1510 legitur:
1083 1453 1188 1507 aquarn
1197 1439 1232 1492 de
1244 1436 1414 1508 fragmentis
1426 1438 1560 1493 altarium
1574 1438 1711 1504 ,etinfra,
1720 1439 1894 1496 interserere
1974 1452 1975 1457 ’

201 1513 316 1570 Deinde
326 1509 745 1583 samenscrncesperpnrietes
756 1510 787 1564 in
797 1509 1029 1577 circuitndeipsn
1082 1514 1182 1564 mento
1193 1507 1233 1578 tid
1248 1513 1300 1573 est,
1312 1508 1702 1573 interhlissarumsolemnia)
1715 1511 1840 1567 uelamen
1850 1526 1893 1579 pn-

202 1580 1026 1653 chrismntecnmpollicedientAntiphonumSanctificavit.
1084 1579 1311 1649 tristropham
1323 1582 1438 1651 iignum
1450 1589 1517 1644 mut
1528 1584 1553 1636 si
1564 1587 1644 1637 lucin
1655 1581 1894 1650 proluitpenetruri
1974 1620 1975 1623 ,

202 1655 404 1722 Ationmtpt.
416 1651 670 1723 Lapidespretiosi.
681 1652 794 1707 Pentm.
810 1651 1028 1707 Laudalerusa·
1083 1652 1227 1717 neminen,
1244 1664 1314 1722 erpo
1325 1658 1522 1722 penetrantur
1541 1656 1567 1707 et
1580 1652 1674 1722 tigna,
1687 1656 1740 1708 etc.
1757 1651 1794 1706 lbi
1817 1651 1895 1707 refert

202 1726 269 1781 lem.
282 1723 719 1794 Anti'plt.ldauesurgenslacoh.
732 1723 888 1778 Ettnncin
901 1724 1028 1779 circuitu
1044 1737 1066 1796 B
1082 1736 1199 1776 causam
1212 1739 1263 1777 cnr
1280 1738 1335 1777 non
1352 1723 1502 1778 debuerint
1517 1724 1617 1778 radere
1632 1722 1743 1787 altaria,
1753 1722 1894 1794 quintanis
1974 1760 1975 1765 κ

202 1793 937 1859 intrinsecnsmittetincensumiunindorss,etdicnt
946 1795 1025 1850 :Ore
1082 1808 1140 1848 non
1154 1799 1221 1848 sunt
1235 1810 1252 1848 a
1266 1794 1460 1849 sacerdotibus
1473 1794 1631 1860 catholicis,
1648 1794 1697 1850 sed
1710 1798 1820 1849 tanturn
1830 1795 1895 1848 vela·

204 1885 277 1923 mus.
297 1866 485 1938 Omnipotens
506 1865 680 1935 sempiterne
701 1865 785 1930 Deus,
806 1864 920 1921 effunde
943 1882 1029 1936 super
1082 1880 1149 1919 men
1165 1864 1240 1919 inter
1253 1865 1442 1921 offerendum.
1455 1866 1535 1929 Quod
1547 1866 1568 1920 si
1578 1865 1755 1937 tactupolait
1767 1865 1896 1936 penetrari
1974 1886 1975 1893 ¹

203 1936 1027 2008 hunclocumgratiamtuam,etc.ltemnliu.·lteusqui
1081 1935 1223 2000 velamen,
1251 1952 1317 2008 ergo
1341 1935 1468 2009 lignum;
1489 1938 1566 2007 quod
1590 1937 1613 1992 si
1644 1936 1763 2008 lignum,
1786 1952 1848 2019 ergo
1872 1941 1896 1991 et

202 2010 238 2066 de
254 2010 323 2065 vivis
343 2015 370 2065 et
394 2009 491 2063 electis
514 2008 664 2079 lapidibus.
681 2012 734 2061 etc.
759 2007 788 2062 ln
813 2008 880 2061 Ord.
897 2007 1028 2063 Romano
1082 2010 1175 2071 terra;
1188 2023 1221 2061 ac
1230 2008 1349 2078 proinde
1359 2006 1505 2063 concludit
1518 2009 1595 2133 pund
1610 2007 1896 2063 debuerintschusma-

202 2082 286 2137 aliter
300 2081 446 2136 habetur:
466 2080 576 2137 Deinde
597 2079 628 2134 in
644 2078 770 2134 circuitu
793 2079 921 2136 ecclesaie
937 2081 1028 2135 vadat
1082 2077 1129 2133 tici
1149 2085 1255 2133 terram
1281 2077 1385 2149 ipsam,
1401 2081 1500 2150 inqua

202 2153 353 2222 Pontifex.
368 2157 394 2208 et
402 2150 495 2222 furiet
508 2165 623 2206 crucem
638 2165 693 2218 per
704 2150 831 2217 parietes
841 2164 907 2205 cum
920 2152 1029 2218 pollice
1083 2150 1159 2212 dere,
1176 2165 1224 2205 scu
1238 2150 1372 2205 effodere.

121 2258 127 2279 .
201 2241 253 2280 sno
276 2224 311 2280 de
331 2221 572 2291 ipsochrismnte
592 2224 624 2276 in
643 2219 794 2276 duodecim
823 2220 979 2287 insistens
997 2237 1028 2276 tn
1117 2219 1188 2275 ilinc
1201 2220 1357 2292 capiendus
1379 2225 1423 2276 est
1441 2223 1558 2276 sanctus
1573 2223 1619 2279 Au
1643 2220 1764 2284 rustinus,
1777 2218 1897 2275 lihvde

202 2295 328 2360 Oriente,
344 2301 402 2349 tres
415 2296 447 2348 in
461 2292 608 2359 Australi,
625 2298 684 2347 tres
695 2291 726 2346 in
745 2290 910 2356 Occidente,
926 2296 983 2348 tres
995 2293 1028 2349 in
1082 2292 1163 2364 Bapt.
1180 2298 1280 2347 eontra
1290 2292 1531 2363 Donatistas,cnp.
1548 2293 1599 2350 20:
1618 2238 1682 2350 gur
1696 2291 1896 2361 mpoodoerto

201 2364 423 2435 Septentrion05
436 2363 534 2433 primo
550 2366 580 2417 in
600 2362 709 2419 dentre
722 2367 819 2429 parte,
834 2368 862 2418 et
876 2363 958 2418 sicin
971 2366 1028 2419 cir·
1081 2378 1148 2434 qne
1161 2364 1325 2431 procedunt
1340 2378 1378 2420 en
1391 2379 1442 2420 ore
1456 2363 1609 2420 homicide
1619 2363 1712 2433 point
1723 2371 1817 2419 tumen
1829 2363 1896 2418 Deua

201 2438 285 2493 cuitu
299 2435 400 2491 dicens
420 2434 617 2503 persingulas
630 2448 731 2489 cruces
752 2432 959 2503 Sanctificetur
973 2434 1028 2492 lior
1049 2434 1051 2441 '
1081 2435 1383 2503 olenmsnnctrficnre,
1394 2441 1421 2491 et
1434 2437 1464 2490 in
1474 2435 1566 2491 ulturi
1578 2435 1659 2506 qnod
1672 2435 1896 2504 inreticipcsne

201 2508 354 2577 temptam,
370 2510 423 2561 ete.
440 2506 506 2561 llaec
518 2505 595 2560 Ordo
615 2507 774 2560 Romanus.

237 2579 293 2634 Sed
313 2578 471 2632 notandum
495 2580 538 2632 est
560 2592 594 2631 ea
616 2576 702 2633 Petro
727 2574 874 2643 Damiani,
895 2592 1026 2633 sermone
1081 2576 1236 2648 fallaciter
1259 2592 1429 2633 conuersum
1451 2577 1533 2633 intus
1555 2592 1615 2633 nnn
1644 2576 1776 2645 impedit,
1792 2575 1894 2645 tignum

198 2649 293 2733 primo
306 2650 341 2705 de
356 2648 481 2704 eeclesiae
503 2647 696 2715 Dedicatione,
721 2646 875 2717 impressas
896 2647 982 2703 fuisse
997 2648 1025 2704 in
1078 2647 1236 2717 fallaciter
1248 2647 1376 2716 pontum
1391 2649 1512 2716 impedit
1534 2649 1621 2718 soris,
1636 2647 1793 2719 quominus
1806 2660 1896 2702 sacra·
1974 2656 1975 2717 j

201 2721 384 2777 interioribus
398 2718 498 2790 templi
513 2718 667 2789 parietibus
679 2734 776 2773 cruces
790 2718 1026 2790 duodecimque)
1080 2722 1186 2775 neentis
1200 2718 1261 2774 anis
1276 2719 1374 2776 adesse
1385 2720 1527 2846 d1pnetur
1547 2720 1642 2776 nattis
1654 2719 1804 2775 hominnm
1816 2715 1896 2787 sulsi-
1974 2738 1975 2763 u

200 2809 217 2848 a
230 2790 364 2864 pontifice
375 2790 527 2845 chrismate
539 2794 726 2863 ungerentur:
742 2790 1023 2856 Crnecsdnnderim,
1081 2789 1191 2845 latibus
1204 2790 1363 2859 impeditas
1379 2791 1393 2837 f
1428 2790 1456 2845 hi
1476 2797 1505 2843 ro
1519 2791 1633 2860 tignum
1645 2794 1768 2845 sumitur
1779 2793 1897 2859 metony-

200 2860 1024 2934 inquitille,ininterioracircuituecciesieeimprimnntur.
1080 2860 1153 2916 mice
1170 2878 1220 2932 pro
1233 2861 1318 2915 altari
1332 2860 1436 2933 ligneo.

199 2935 325 3006 Etpaulo
338 2938 413 3004 post:
423 2935 532 2989 Cruces
543 2931 890 2993 chrismatemttnreuero
899 2932 1025 2990 mistura
1115 2931 1190 2987 Olim
1210 2931 1296 2988 etiam
1312 2936 1340 2986 in
1355 2932 1446 2988 Gallia
1458 2931 1628 3002 quibusdam
1642 2931 1671 2986 in
1689 2930 1758 2986 locis
1772 2929 1824 2985 fuit
1837 2944 1896 2983 usus
1974 2968 1975 3001 3

199 3001 1023 3075 chrismatisoteiqueperangit.ltactiamlvoCarnotensis,
1079 3001 1213 3058 altarium
1238 3003 1416 3075 ligneorum;
1444 3020 1511 3058 nam
1535 3005 1564 3057 in
1595 3003 1716 3058 concilio
1737 2999 1895 3072 Epaonensi,

199 3075 228 3131 in
241 3078 381 3131 Sermone
396 3077 431 3131 de
453 3073 646 3130 Sacramentis
659 3073 846 3129 dedicationis
863 3089 870 3127 ε
886 3073 961 3130 lline
982 3081 1022 3130 est
1039 3104 1061 3163 (ι
1079 3089 1142 3129 can.
1156 3074 1200 3138 ih,
1217 3080 1333 3129 cautum
1348 3079 1411 3130 est:
1431 3075 1467 3131 Ut
1482 3073 1606 3141 uitalia,
1619 3074 1680 3129 nisi
1690 3072 1896 3141 innidemctri·
1974 3074 1975 3099 ³

197 3143 1024 3218 pnodconsecrntoniturichrismuntnrinpnrietiinsittae
1053 3140 1061 3164 ¹
1078 3149 1181 3201 ematis
1193 3146 1331 3201 unctione
1340 3153 1544 3203 sacrarentur.
1555 3146 1686 3201 Fuerunt
1701 3144 1787 3200 etiam
1797 3143 1861 3199 olim
1872 3141 1897 3195 in

163 3252 169 3259 -
197 3215 1025 3288 duodecimcrnces,qumtypumgernntopostolicnm‚pni
1079 3214 1203 3279 Oriente,
1220 3221 1349 3287 tempore
1362 3216 1452 3272 sancti
1467 3216 1618 3271 Athanasii
1631 3216 1741 3289 Magni.
1760 3214 1859 3270 altaria
1871 3211 1898 3266 li·

196 3284 1023 3359 etminutiasSpiritusnccepernnt,cicumcismysterinm
1077 3301 1162 3357 gneo,
1183 3295 1214 3342 ut
1234 3304 1268 3343 ex
1292 3289 1355 3360 ejus
1373 3286 1495 3359 epistola
1509 3288 1544 3342 ad
1557 3287 1705 3343 solitarios
1727 3287 1897 3359 perspicuum

145 3360 150 3369 ’
194 3362 316 3430 populis
332 3365 359 3416 el
378 3359 513 3429 pentilus
530 3357 722 3439 manifestare
734 3357 925 3414 studuerunt.
941 3359 1023 3424 Quod
1077 3363 1142 3413 est:
1165 3358 1339 3432 ‘specimen
1353 3360 1386 3411 rui
1402 3358 1558 3431 cuppii'tan,
1574 3364 1618 3410 καί
1627 3364 1675 3410 τόν
1692 3360 1790 3433 θρόνον,
1803 3361 1846 3409 καί
1856 3360 1898 3412 τήν

196 3431 457 3502 pauloauteeorum
469 3429 769 3484 aetatemvrdeturesse
780 3427 1022 3495 institutum,cum
1076 3430 1217 3504 τράπεζαν,
1241 3429 1328 3494 ξυλίνη
1348 3432 1398 3504 γάρ
1414 3427 1454 3501 ἦν,
1480 3435 1524 3482 καί
1537 3431 1569 3482 rui
1585 3428 1656 3501 βῆλα
1683 3439 1732 3491 τῆς
1743 3428 1897 3486 'iuterim

196 3502 272 3557 Ordo
289 3503 434 3558 liumauus
455 3500 539 3557 aliter
561 3499 676 3559 scribat.
692 3498 747 3554 nisi
771 3500 844 3554 forte
860 3499 921 3572 ipse
945 3503 1022 3558 Ordo
1077 3503 1107 3556 ld
1122 3506 1174 3567 eat,
1191 3517 1256 3556 cum
1272 3504 1434 3573 rapuissent
1454 3499 1598 3566 subsellia,
1626 3505 1656 3556 et
1677 3500 1856 3562 cathedram,
1874 3501 1899 3552 et

195 3572 250 3629 hac
264 3572 293 3628 in
307 3577 388 3644 parte
402 3572 594 3628 mutationem
609 3570 735 3641 aliquam
751 3569 877 3627 subierit.
1076 3588 1208 3627 mensam
1221 3573 1295 3643 terat
1309 3572 1386 3628 enim
1401 3572 1506 3645 lignea)
1515 3576 1544 3629 et
1557 3573 1621 3627 vela
1633 3571 1781 3628 Ecclesiae.

230 3644 322 3700 Graeci
346 3643 433 3700 etiam
458 3644 548 3715 ipsum
569 3642 709 3713 templum
737 3641 893 3698 chrismate
921 3659 1023 3714 perun·
1110 3644 1173 3699 663.
1201 3643 1390 3712 Omnipotens
1415 3652 1443 3699 et
1466 3644 1632 3700 misericors
1667 3647 1756 3708 Dens,
1775 3645 1827 3698 etc.
1842 3640 1898 3694 llac

195 3719 276 3788 gunt,
297 3717 372 3787 quod
394 3715 504 3771 clarum
519 3718 563 3770 est
581 3729 615 3768 ex
632 3713 779 3768 Theodoro
800 3713 973 3770 Balsamone
991 3714 1022 3771 in
1076 3713 1174 3770 Oratio
1190 3715 1406 3771 desideraturin
1421 3715 1522 3772 Codice
1536 3715 1705 3780 Rhemensi,
1721 3714 1789 3771 etin
1801 3711 1898 3769 Ordine

195 3803 257 3842 can.
279 3788 296 3841 'l
313 3787 414 3859 synodi
438 3785 586 3857 septimae:
604 3789 653 3838 ant
666 3784 735 3846 ἅπας
749 3786 842 3837 τούτου
858 3783 1021 3860 ἀπαρτίσμός
1075 3788 1217 3844 humano.

195 3857 238 3910 ὑπ’
250 3857 326 3930 ἁγίου
353 3862 388 3929 pt
407 3877 436 3909 aa
460 3860 613 3930 χρωμένου,
638 3854 665 3910 id
684 3860 727 3910 est
745 3869 751 3908 ε
779 3855 813 3909 Et
829 3855 924 3910 omnis
946 3857 1021 3914 illius
1109 3858 1175 3912 661.
1205 3857 1381 3926 Perimere,
1397 3858 1594 3929 sanctificare,
1612 3854 1792 3914 benedicere.
1806 3856 1835 3910 ln
1853 3854 1898 3908 Co·

195 3929 266 4001 (tem
287 3928 317 3999 li)
334 3877 470 3999 perfectio
483 3944 564 3983 sacro
578 3925 733 3981 chrismate
744 3925 863 3980 inuncti.
1075 3927 1137 3982 dice
1156 3927 1269 3982 liutoldi
1287 3928 1396 3983 abbatis
1420 3930 1455 3983 ad
1472 3928 1584 4001 singula
1606 3929 1697 3984 verbe
1712 3929 1772 3984 hasa
1785 3924 1899 3998 singulm

229 3946 291 4055 663.
308 4001 379 4056 lnde
391 4000 506 4069 socians
520 4014 635 4053 crimem
647 3997 760 4053 incensi
769 4013 815 4051 su·
827 4012 859 4052 er
870 3998 975 4053 attare.
988 4000 1020 4054 ln
1074 4014 1171 4053 cruces
1186 4004 1379 4070 apponuntur.

193 4069 265 4126 Cod.
284 4069 385 4126 Rhern.
398 4072 477 4126 deest
492 4069 630 4152 particula
641 4068 718 4124 inde.
735 4073 763 4122 tn
777 4068 882 4123 Ordine
892 4067 1019 4124 linusano
1109 4069 1896 4142 565.0mnipoteassempiterneDensmqnoomnimetc.

192 4139 233 4196 sic
244 4141 366 4197 hahetur
380 4143 477 4197 :Tunc
486 4148 595 4195 aterum
604 4140 702 4195 redeat
716 4140 871 4203 adultere,
882 4141 1019 4210 etofferut
1075 4139 1137 4195 flare
1152 4141 1251 4196 Oratio
1266 4158 1322 4196 non
1337 4146 1431 4197 exstat
1444 4142 1472 4197 in
1483 4140 1631 4197 Codicihus
1642 4140 1760 4196 Ratoldi
1771 4138 1898 4195 etllhem.

192 4211 295 4269 ibidem
307 4227 422 4268 crucem
436 4211 551 4266 incensi
556 4225 646 4278 reaper
653 4210 743 4274 illud,
751 4216 777 4264 et
790 4210 1020 4279 dicotAnhplro·
1074 4211 1129 4266 Sed
1145 4212 1206 4267 loco
1222 4212 1298 4267 illius
1310 4212 1373 4268 haec
1383 4213 1527 4269 habetur:
1541 4212 1665 4267 Domine
1679 4214 1757 4268 Dens
1777 4211 1900 4271 omnine

190 4297 260 4338 nam
280 4283 357 4338 Ecce
371 4284 443 4337 odor
456 4281 514 4351 filii
528 4281 593 4345 mei,
609 4284 663 4335 etc,
677 4281 706 4334 ln
719 4277 789 4335 Cod.
801 4280 926 4345 lietoldi,
940 4282 1018 4338 nulla
1074 4285 1146 4347 tens,
1163 4286 1238 4338 sient
1250 4283 1381 4340 nhinrtio
1395 4284 1563 4340 hominihus
1579 4284 1677 4345 iutilia.
1690 4288 1759 4351 etc,
1772 4286 1804 4336 ut
1816 4278 1899 4335 inOr·

190 4352 282 4409 crucis
290 4353 436 4408 mentione
444 4352 530 4418 facta,
541 4351 603 4406 haec
612 4352 739 4422 reperire
750 4355 793 4407 est
809 4368 815 4407 ε
828 4353 908 4408 Tunc
921 4354 1019 4410 enred
1073 4352 1139 4408 dine
1155 4357 1294 4417 Romano,
1310 4354 1337 4408 in
1358 4371 1419 4425 quae
1435 4354 1494 4410 haec
1505 4355 1592 4409 rerba
1607 4354 1760 4425 sequentia
1775 4349 1901 4408 notanda

190 4424 428 4491 alternationem
441 4424 639 4488 incensum,et
656 4421 756 4477 dicat:
772 4422 892 4478 Oremns
902 4425 956 4479 Dei
963 4425 1017 4481 Pn-
1033 4456 1055 4517 D
1073 4424 1188 4480 veniunt
1206 4441 1213 4478 :
1228 4425 1296 4481 llaec
1309 4426 1526 4482 linteaminum
1537 4424 1804 4483 nsnmnitnristni.
1814 4422 1900 4500 adte3

190 4496 246 4551 tris
258 4493 467 4563 omnipotentis
485 4493 731 4559 misericordiam,
747 4496 803 4549 etc.
824 4495 895 4550 Atia
907 4509 919 4550 .·
938 4495 1017 4552 Dens
1070 4495 1663 4567 pendnminvoluendnmqnecorpnsetsnn
1683 4497 1780 4551 ninam
1788 4492 1900 4548 filiitm

189 4562 383 4634 omnipotens,
394 4565 426 4622 in
441 4566 645 4636 ctrjnshonnre
655 4566 755 4621 uitare
769 4563 895 4631 innata.
905 4565 1017 4636 Prasia·
1070 4566 1478 4623 Domininostriteaniristi
1487 4513 1900 4639 ;quihusinthligunturpsllae

191 4635 231 4692 tin
241 4652 332 4705 snper
345 4639 451 4704 nitere,
464 4636 532 4692 utin
541 4635 795 4691 OrdineRomano.
808 4635 915 4691 Deinde
923 4637 1015 4707 sequi·

189 4711 237 4763 tur
250 4725 256 4763 :
270 4708 455 4778 najestatem
472 4714 566 4776 inum,
576 4708 706 4772 Domine,
719 4707 1016 4776 implorumnshnmi·

191 4778 267 4839 liter.
284 4785 350 4846 etc,
366 4784 398 4836 ut
412 4779 441 4834 in
455 4780 562 4834 Ordine
575 4779 715 4833 Romano.

223 4850 286 4905 660,
307 4850 365 4906 Sui
377 4852 565 4907 invocatione
575 4849 703 4906 norrrinis
715 4848 771 4904 tui.
792 4848 900 4904 Altaria
915 4865 965 4920 per
975 4849 1016 4905 iu·

124 4978 129 4985 ,
184 4921 368 4977 vocatiouem
392 4920 517 4977 nominis
541 4920 587 4977 liei
609 4923 823 4985 consecrantur,
846 4925 875 4975 et
890 4921 1014 4975 sanctifi·

188 4998 299 5048 cantur.
320 4993 440 5064 Optatus
456 4991 645 5058 llilevitanus,
666 4992 713 5046 lib.
734 5007 761 5046 va
783 4995 883 5046 conlrn
899 4993 1013 5048 Parme·

188 5063 308 5119 nianum
326 5065 416 5122 :Num
426 5063 452 5120 si
464 5062 1013 5130 aitinoocntionominisOei‚ipsnanuu·

105 5148 110 5155 “
188 5137 265 5191 cotio
285 5138 452 5203 sanctificet
472 5143 498 5191 et
514 5136 592 5205 prend
605 5136 755 5204 poliutum
771 5148 830 5189 esse
847 5134 1012 5190 uidebatur.

186 5205 227 5262 lbi
243 5205 320 5261 enim
337 5223 353 5261 a
375 5206 396 5259 't
410 5207 444 5260 de
459 5206 596 5261 altaribus
609 5210 657 5260 aut
670 5204 751 5272 rasis,
762 5204 950 5274 autremotis,
965 5210 1015 5265 aut

187 5277 286 5334 fractis
300 5295 317 5333 a
330 5295 359 5332 sc
381 5276 529 5332 ismaticis.

221 5348 284 5404 tul.
305 5350 418 5406 Deinde
427 5348 601 5414 tenentibus,
611 5351 668 5403 etc.
688 5347 719 5402 ln
735 5346 837 5403 Codice
845 5346 1014 5404 llatoldiah·

185 5419 260 5477 batis
275 5420 411 5477 additur:
429 5421 503 5481 Cum
516 5434 595 5490 aqna
615 5424 720 5475 sancia
733 5426 759 5473 et
774 5417 904 5474 incenso.

221 5493 283 5548 562.
305 5493 501 5549 Lintenminu.
523 5490 628 5545 hilaris
644 5489 783 5553 videlicet,
799 5505 920 5560 quorum
936 5489 1012 5545 anti·

185 5578 258 5634 quus
273 5569 316 5620 est
330 5564 358 5619 in
373 5564 495 5619 Ecclesia
510 5578 587 5623 usus,
601 5559 648 5632 qui
660 5560 771 5614 videtur
785 5561 860 5631 apud
874 5561 1010 5632 Optatam

184 5635 392 5701 Milevitanum‚
409 5634 457 5690 lih.
471 5648 497 5689 ri
512 5635 648 5689 adversus
660 5631 883 5686 parmenianum
898 5649 904 5687 :
921 5630 1008 5704 431

1070 4637 1242 4707 corporales,
1265 4652 1329 4708 quae
1349 4639 1510 4709 corporalia
1524 4639 1608 4710 vulgo
1623 4636 1771 4701 dicuntur,
1788 4652 1850 4707 qum
1862 4633 1899 4687 ita

1070 4708 1140 4762 nlim
1152 4708 1256 4779 amplae
1269 4713 1360 4774 erant,
1376 4714 1406 4764 ut
1419 4710 1597 4765 involverent
1610 4708 1707 4780 ipsum
1724 4706 1832 4764 Christi
1842 4720 1900 4760 cor·

1069 4796 1122 4852 pua
1137 4784 1166 4834 et
1190 4780 1307 4835 calicem
1321 4796 1328 4845 ;
1344 4781 1378 4836 de
1388 4779 1490 4852 quihus
1500 4781 1615 4835 consule
1625 4779 1899 4835 ohservationesno·

1069 4856 1143 4906 atras
1158 4851 1195 4904 ad
1208 4850 1397 4906 Concordiam
1413 4868 1443 4907 re
1483 4851 1587 4913 larum,
1604 4851 1631 4906 in
1646 4867 1677 4906 ca
1704 4851 1770 4915 .66,
1787 4850 1801 4921 5
1821 4849 1847 4902 1.

1105 4922 1197 4980 Porro
1218 4922 1246 4976 in
1263 4922 1365 4979 Codice
1381 4924 1452 4978 hato
1465 4923 1493 4977 di
1508 4921 1636 4993 sequitur
1651 4940 1658 4977 :
1674 4867 1850 4978 Benedictio
1863 4914 1901 4971 nd

1069 4996 1169 5049 nrnnin
1179 5001 1354 5050 ornamenta
1362 4994 1502 5050 Ecclesiae
1512 4995 1671 5061 sirinnan,
1687 4994 1815 5048 nemim
1827 4990 1900 5045 hein

1069 5065 1258 5129 onininoteris,
1276 5065 1333 5121 lien
1345 5079 1460 5135 regum,
1469 5069 1521 5120 etc.
1535 5066 1565 5118 ln
1577 5065 1679 5120 Codice
1691 5059 1852 5119 Rhemensi
1860 5074 1901 5113 ae·

1068 5135 1166 5206 quitur
1180 5136 1250 5190 ordo
1264 5135 1480 5191 inferendarum
1497 5136 1688 5207 Reliquiarum
1701 5133 1899 5189 inbasilicam.

1105 5206 1165 5262 666.
1186 5206 1348 5263 Benedictio
1363 5222 1452 5275 saper
1465 5206 1829 5278 murmuraverimus
1849 5201 1902 5256 hoc

1068 5276 1131 5333 loco
1146 5276 1315 5350 intelligitur
1325 5278 1360 5333 de
1375 5277 1419 5333 hia
1432 5278 1567 5333 omnihus
1579 5293 1644 5349 quse
1657 5293 1673 5330 a
1687 5275 1825 5331 fidelihus
1836 5271 1902 5327 offe·

1068 5353 1170 5404 suatur
1183 5348 1221 5404 ad
1240 5349 1365 5404 ecclesian
1379 5355 1525 5414 ornatum,
1541 5352 1572 5404 ut
1586 5350 1682 5404 videre
1696 5351 1746 5401 est
1765 5347 1794 5400 in
1811 5342 1900 5417 432

1068 5419 1131 5489 ipsa
1152 5419 1359 5475 Benedictinnis
1379 5420 1516 5483 formula.
1531 5436 1596 5491 quas
1611 5420 1691 5474 abest
1711 5433 1730 5471 a
1747 5414 1902 5496 Codicihus

1069 5491 1181 5546 lietoldi
1197 5495 1225 5547 et
1236 5492 1404 5563 Rhemensi;
1424 5495 1452 5547 et
1464 5493 1500 5547 ab
1515 5491 1621 5547 Ordine
1636 5492 1783 5547 llornano.
1807 5484 1904 5557 Siqua·

1068 5562 1134 5617 dem
1147 5561 1215 5617 olim
1231 5562 1260 5618 in
1276 5562 1337 5634 ipsa
1352 5562 1452 5634 templi
1465 5561 1645 5618 dedicatione
1659 5558 1762 5615 omnia
1779 5556 1902 5631 eJuado·

1068 5632 1159 5699 naria,
1174 5649 1223 5689 seu
1239 5649 1359 5690 munera
1372 5633 1401 5689 in
1416 5650 1498 5691 nsum
1510 5633 1635 5704 templis
1648 5628 1901 5691 fidelihusohlata‚

187 5706 489 5841 pnisfideiinmneseit
495 5706 526 5761 in
526 5703 853 5837 peragendimystcrins
860 5703 924 5771 ipsu
931 5706 1010 5775 tigna
1063 5704 1099 5760 ah
1110 5703 1249 5776 episcopis
1264 5706 1515 5776 consecrabantur,
1531 5708 1563 5762 ut
1582 5703 1752 5761 factumest
1771 5700 1802 5755 in
1821 5696 1902 5756 dedi·

198 5774 360 5839 miramini
374 5777 518 5852 commiti

550 5775 604 5841 Ubi
618 5775 697 5857 ligna
709 5778 776 5833 sunt
786 5774 849 5851 ipse
860 5773 965 5837 altaria
977 5773 1011 5834 li·
1064 5774 1179 5836 nacae
1193 5776 1304 5855 templi,
1316 5777 1393 5856 quod
1404 5775 1609 5841 Comtanttnus
1623 5774 1787 5851 imperator
1800 5770 1902 5831 filare·

1531 2080 1721 2135 undatasunt
1734 2078 1842 2143 altaria,
1858 2094 1896 2132 ra·
1974 2086 1975 2089 ’

1081 2512 1152 2559 runt
1162 2522 1222 2561 non
1231 2506 1459 2575 montinneio,
1471 2508 1529 2560 nhc
1536 2507 1616 2576 sorte
1624 2521 1711 2579 quem
1723 2502 1895 2561 coritominis
1974 2546 1975 2555 ,
