4052 6186
99 328 147 401 ass
466 328 503 396 tii
523 322 687 399 arotarii
708 326 893 399 annuntii
914 312 1203 401 connumeratis
1226 329 1408 402 enisum.
1730 339 1789 404 no

96 470 164 539 cujus
176 463 386 538 significatione
398 464 432 519 lis
447 468 574 537 estapud
584 466 721 524 eruditos.
738 465 908 529 Cesariiul·
923 470 947 529 Α
961 465 1098 537 quibusin
1113 468 1250 539 superiori
1262 458 1354 541 capite
1368 469 1488 544 egimus.
1512 471 1587 526 Sane
1600 469 1680 526 Torri
1703 470 1746 527 'us
1758 471 1787 528 in

94 540 218 612 tiegerus,
229 536 329 592 habita
340 535 528 593 batinaeiocis
538 537 661 605 ratione,
676 537 908 609 ruperinterpre·
962 536 1067 608 cryptis
1077 538 1220 595 Vaticanis
1228 557 1316 612 ragno
1326 541 1654 613 januasinterpretatur.
1697 543 1752 599 nde
1760 542 1790 597 in

94 608 252 666 taturstri‘as
266 609 297 662 in
308 607 493 664 nnrnareaat
511 609 629 674 initalia,
644 625 694 665 seii
706 609 873 667 canaliculos
883 616 908 665 et
964 607 1057 678 primo
1068 614 1166 666 nostro
1180 611 1285 667 Ordine
1295 612 1436 681 Romano,
1450 613 1496 668 ubi
1510 612 1635 684 acolythi
1650 630 1734 685 rapas
1743 615 1793 669 ob·

92 682 171 739 sittaos
180 694 314 751 rapnmm
327 678 425 745 instar,
439 679 630 750 pacinianum
641 680 732 751 [roiate
744 678 909 736 contraban-
964 694 1078 735 servare
1096 680 1239 747 dicuntur,
1253 683 1347 739 Codex
1359 683 1539 740 colbertinus
1564 683 1678 754 praelert
1691 685 1790 755 reptos,

91 762 135 809 tin·
147 768 154 819 ;
167 751 208 806 aet
226 748 332 805 tabutas
345 766 377 803 ex
390 766 459 804 ania
473 757 615 821 ctnrpenta
627 768 738 820 rnpaans
747 758 774 807 et
783 758 908 807 atrimae.
964 766 1081 821 queror
1096 756 1192 822 portas
1206 752 1360 825 significat.

91 823 139 880 allii
149 821 275 904 plerique
285 821 522 876 omneseamdem
531 821 910 894 rocemrnpaiadGallicsm
1002 822 1174 893 Quanquam
1184 824 1354 883 vocabulum
1364 823 1793 897 repiaelatinstantisperpatere

91 894 306 966 originationem
319 898 493 956 revocantur,
505 893 562 947 aias
577 895 747 959 reinserantur,
761 894 911 950 simitntne-
963 891 1086 961 ridetur,
1096 897 1127 950 ut
1139 910 1196 950 non
1209 895 1303 951 solum
1327 900 1434 965 portas,
1458 894 1608 951 sedetiam
1634 897 1731 953 valvas
1741 914 1793 952 sau

92 967 165 1022 reita
177 962 268 1019 dictas
284 961 462 1030 oristiiiiunt,
477 979 609 1034 quasnos
620 962 694 1020 Galli
709 982 771 1020 rues
785 965 911 1037 appella·
964 963 1448 1038 concellaneis[cirini]adJ'unctos
1475 967 1626 1038 nandoque
1634 967 1792 1039 designent.

91 1054 159 1093 mus.
172 1037 201 1091 ln
218 1034 261 1116 his
272 1033 482 1116 eruditissimus
493 1034 616 1105 Congius
626 1034 676 1101 ait,
690 1053 739 1107 per
752 1053 847 1107 rnpain
869 1036 910 1091 ai'·
963 1035 1248 1103 lacobuanetanus,
1262 1037 1291 1092 in
1307 1054 1369 1108 cap.
1385 1038 1421 1091 'ta
1435 984 1472 1093 aa
1485 1037 1562 1092 diem
1573 1036 1723 1093 Cinerum:
1737 1038 1793 1094 Na·
1815 1090 1819 1099 ,

90 1108 149 1164 iteri
162 1106 282 1176 inteltipr
291 1121 361 1159 ainai
373 1121 402 1159 in
414 1121 473 1175 ipsa
484 1105 908 1179 oedeencraaittepieslipteri'nm,
964 1105 1077 1160 taiidnni
1087 1107 1160 1178 quad
1170 1124 1278 1163 maiora
1293 1108 1334 1164 ins
1345 1126 1385 1180 pa
1401 1126 1422 1163 ia
1436 1109 1493 1163 erit
1506 1109 1606 1180 rapiar,
1622 1108 1651 1162 id
1665 1115 1706 1164 est
1725 1126 1790 1164 can·

90 1197 140 1252 pau
152 1179 182 1232 i'n
203 1175 277 1259 illud
293 1182 384 1246 peipit
403 1175 528 1257 pontisne
551 1193 630 1258 sacra
646 1180 784 1246 surtariis.
801 1178 843 1233 Ab
858 1179 911 1234 bac
964 1175 1077 1241 cllos,et
1090 1125 1551 1261 detainereiatandoiiiisqnirnnt
1564 1186 1654 1235 cetra,
1680 1181 1789 1236 Eadem

88 1251 230 1306 renuntia
242 1263 344 1318 parum
359 1247 464 1302 recedit
478 1246 688 1304 illustrissimus
700 1249 866 1321 Cinmpians
881 1249 911 1304 in
965 1248 1052 1303 verbu
1066 1247 1154 1304 babet
1163 1249 1263 1305 Petrus
1274 1249 1387 1315 Amelii,
1402 1268 1449 1321 qui
1464 1267 1561 1306 rursus
1576 1250 1605 1305 in
1616 1267 1669 1322 cap
1683 1250 1796 1306 l8acri·

88 1338 150 1392 cap.
165 1317 510 1388 tricasinensium
527 1318 605 1375 iuria
617 1320 654 1375 de
667 1320 745 1391 rugis
760 1320 831 1389 loca,
849 1325 911 1375 tum
965 1318 1009 1373 bei
1023 1318 1132 1374 bullam
1146 1337 1210 1390 qum
1220 1321 1360 1377 cardinali
1369 1322 1407 1377 ad
1419 1320 1511 1377 altare
1524 1321 1615 1377 saneti
1631 1321 1795 1377 Petrisaora

88 1392 181 1448 iarios
204 1391 239 1445 de
261 1388 316 1444 ista
333 1405 401 1445 vace
428 1392 576 1444 auctorum
601 1391 756 1446 sententias
779 1396 911 1447 accurate
966 1388 1089 1445 faciendi
1108 1394 1281 1461 potestatem
1295 1391 1511 1461 iucitpertatam
1520 1392 1794 1462 dicmpeadereaiita

86 1480 119 1520 ex
159 1461 212 1526 uit,
232 1476 304 1532 quas
316 1459 362 1514 bic
377 1464 504 1530 repetere
519 1475 577 1515 non
592 1465 636 1516 est
661 1477 786 1518 necesse.
966 1461 1053 1531 raptas
1063 1465 1114 1526 ;et
1138 1478 1200 1533 rap.
1218 1461 1262 1527 tt,
1290 1462 1456 1533 pontificem
1484 1479 1581 1520 cereos
1604 1461 1795 1519 distribuendi

144 1549 226 1590 erum
239 1535 270 1587 ut
284 1532 319 1586 de
331 1530 463 1586 haerare
477 1534 556 1586 certa
569 1531 657 1601 possit
668 1532 736 1588 ferri
755 1531 911 1598 sententia,
966 1547 1053 1588 causa
1072 1547 1189 1604 pergere
1200 1533 1236 1587 nit
1257 1535 1356 1605 rapias.
1383 1534 1426 1589 Ad
1441 1532 1511 1598 hee,
1537 1550 1571 1588 ca
1595 1575 1601 1588 .
1619 1538 1661 1597 56,
1696 1534 1742 1589 ubi
1759 1534 1795 1588 de

84 1602 255 1677 quedamin
268 1601 369 1673 primis
381 1600 591 1659 consideranda
604 1608 672 1659 sunt
688 1605 736 1659 :1⁰
748 1619 834 1676 rugas
844 1602 912 1674 quid
966 1601 1165 1659 distributione
1173 1603 1354 1673 palmarum:
1372 1604 1451 1659 Vadit
1457 1620 1538 1675 aeque
1589 1602 1797 1674 reptasonpottoe

83 1674 221 1739 solidum,
237 1677 266 1729 et
278 1688 311 1729 ei
324 1671 447 1728 materia
462 1671 565 1740 solida,
595 1673 722 1730 maxime
736 1691 769 1730 ex
782 1678 912 1747 argento,
967 1673 997 1727 in
1005 1680 1082 1744 parte
1098 1673 1205 1739 dextra,
1218 1681 1242 1729 et
1251 1673 1292 1729 ibi
1303 1674 1417 1746 projicit
1427 1690 1516 1730 ramas
1530 1680 1556 1730 et
1574 1675 1643 1746 solia
1658 1675 1797 1729 atiaarnm

82 1745 257 1808 constitisse,
266 1743 404 1799 inioauro
415 1741 595 1815 gemmisque
604 1745 827 1812 oruatasiuisse,
858 1745 913 1800 uad
966 1744 1127 1815 popularier
1151 1744 1291 1814 foramina
1319 1743 1512 1828 raptarumid
1536 1751 1579 1801 est
1591 1744 1794 1811 cancellorum.

85 1821 167 1890 patet
177 1833 211 1873 ex
222 1814 309 1895 variis
322 1814 465 1896 dnastasii
478 1813 556 1880 locis,
569 1819 601 1870 ut
622 1815 650 1870 in
664 1817 756 1872 Leone
768 1817 803 1872 lll
818 1833 823 1871 :
837 1763 914 1871 i'eci't
930 1830 951 1888 Β
967 1815 1104 1886 Denique,
1116 1816 1191 1886 qnod
1200 1832 1260 1871 reni
1272 1816 1386 1883 evincit,
1396 1817 1469 1872 idern
1480 1821 1581 1873 auctor
1586 1824 1696 1898 partam
1708 1833 1800 1888 inpio·

81 1896 176 1944 antem
192 1888 223 1941 in
251 1885 364 1941 basilica
389 1884 458 1940 beati
482 1886 600 1940 ,ludrica
620 1887 656 1941 ait
674 1887 779 1943 beatam
800 1888 913 1942 Petrum
967 1890 1183 1941 ruminemorat
1194 1886 1224 1942 in
1239 1903 1318 1959 capp.
1330 1887 1365 1943 76
1378 1891 1405 1943 et
1415 1887 1460 1955 78,
1472 1887 1574 1958 quibus
1584 1904 1614 1942 in
1627 1886 1697 1941 locis
1707 1903 1737 1942 re
1758 1887 1798 1941 ia·

82 1958 345 2042 apastotain‘riipns
368 1963 521 2036 argenteus,
550 1963 691 2039 pensantes
718 1959 803 2013 libras
825 1966 915 2014 aetna·
969 1903 1796 2029 rumoninineeaneettosinterpretari,utnemon0niiior,

83 2025 415 2101 pinta;etinPascbali
444 2026 568 2082 lsi'eait
592 2029 623 2083 in
642 2029 851 2085 antestabaatre
864 2030 915 2085 Dei
970 2043 1084 2083 neeesse
1101 2031 1153 2083 est.
1737 2028 1740 2037 ’

85 2101 247 2163 Geni'tri'ais,
262 2114 341 2182 qnam
353 2104 446 2153 vocant
461 2097 639 2162 Dominicam,
650 2116 733 2170 rapas
748 2107 913 2172 eramenta,
1004 2097 1066 2155 Non
1077 2096 1466 2157 salnmcuneellierantinter
1473 2099 1556 2169 presb
1577 2098 1682 2155 terium
1692 2097 1795 2156 etobo·

83 2175 229 2245 montes
248 2170 333 2224 libras
343 2167 487 2240 ierapiiita
513 2185 567 2224 sen.
584 2172 621 2225 lix
637 2170 680 2225 bis
694 2170 814 2243 aliisque
833 2170 913 2236 locis,
969 2174 1208 2234 rumeantorum,
1223 2168 1374 2226 sedetiam
1390 2169 1465 2225 inter
1491 2117 1699 2241 presbyterium
1713 2173 1742 2226 et
1756 2168 1797 2224 al-

84 2260 151 2315 quie
159 2240 306 2298 brevitatis
317 2256 404 2296 eausa
414 2238 583 2305 omittimus,
596 2240 913 2323 intelligaturrugarum
968 2243 1041 2296 tare.
1056 2241 1133 2296 ttnde
1141 2246 1170 2296 et
1181 2258 1254 2311 inpia
1267 2248 1347 2296 erant
1359 2247 1424 2296 anta
1434 2241 1704 2323 inpressnmattari'i,
1715 2240 1744 2296 id
1753 2243 1797 2295 est

85 2313 207 2371 nomine
215 2314 276 2369 rias
288 2328 339 2368 seu
347 2310 465 2367 semitas
478 2326 535 2367 non
548 2310 714 2382 significari,
727 2313 751 2368 si
762 2329 813 2385 pro
822 2313 915 2386 spatio
970 2310 1134 2384 porticella,
1147 2318 1176 2366 ut
1194 2312 1220 2367 lo
1243 2311 1319 2368 uitur
1339 2313 1513 2369 Anastasius
1527 2311 1556 2367 in
1572 2310 1664 2368 Leon'e
1682 2312 1730 2376 ltt,
1747 2327 1797 2366 seii

84 2386 151 2457 ipso
163 2383 332 2442 semitarum
345 2386 511 2452 usurpetur,
520 2383 847 2466 quandoquidemrugas
857 2400 914 2440 non
968 2382 1200 2438 antevertidntnin
1214 2329 1325 2450 riitari‘i,
1355 2387 1387 2438 ut
1399 2381 1427 2437 in
1440 2381 1601 2440 Pascbalit.
1618 2383 1798 2454 Quapropter

84 2456 157 2529 quid
171 2455 257 2511 inane
267 2462 295 2510 et
309 2469 442 2517 uacuum,
456 2453 507 2509 sed
523 2453 591 2525 quid
605 2453 730 2510 solidum
747 2455 834 2511 luisse
850 2471 915 2511 con·
970 2452 1109 2508 diaconus
1120 2453 1306 2520 ordinandus,
1318 2470 1351 2511 ex
1362 2458 1464 2509 notaio
1476 2458 1574 2509 nostra
1585 2452 1690 2520 libello,
1704 2453 1799 2509 stabat

83 2523 601 2598 statNeqneobeamdemrationem
612 2541 692 2596 rapie
707 2525 915 2597 doadituipsio
969 2524 1248 2596 anternposattaiir,
1268 2524 1448 2596 idemquead
1463 2525 1654 2581 sacerdotium
1684 2539 1798 2596 promo·

84 2603 326 2672 portarumque
338 2596 375 2651 ad
389 2595 596 2667 presbyterium
612 2596 765 2663 ducebant,
781 2596 915 2669 explicari
970 2595 1081 2650 sendus
1103 2595 1260 2651 ducebatur
1277 2596 1352 2666 forae
1372 2612 1455 2667 rapas
1467 2596 1576 2651 altaria.

84 2666 413 2743 potestilltngaealie
441 2665 567 2738 majores
580 2673 672 2736 erant,
701 2667 766 2724 eliae
777 2668 914 2732 minores,
1005 2664 1416 2737 Quipresbyterinmuclioro
1444 2672 1596 2722 cantorum
1626 2665 1802 2722 dirimebant

124 2759 152 2797 ae
161 2738 303 2809 etrnpntoe
315 2737 457 2792 dicuntur.
472 2738 547 2793 ldem
560 2738 764 2795 Anastasiusin
777 2738 916 2795 Pascbele
970 2735 1201 2808 cancellipapinin
1211 2753 1420 2808 nonnunquam
1430 2743 1459 2793 et
1463 2737 1616 2809 pectoralia
1623 2735 1800 2799 dicebantur,

82 2757 122 2870 ii
141 2810 218 2866 Fecit
228 2810 310 2865 etiam
324 2815 350 2864 et
359 2807 695 2888 anteaeitibntnmaltoris
706 2827 790 2883 rapas
801 2812 916 2918 arnimar
971 2811 1001 2863 ut
1015 2806 1044 2863 in
1058 2808 1220 2879 Appendice
1235 2807 1320 2880 primi
1335 2808 1425 2863 nostri
1435 2808 1550 2864 Ordinis
1564 2807 1698 2871 Romani,
1714 2822 1795 2862 num.

83 2888 254 2954 eremana,
269 2879 838 2951 pensanterlibrasseptnapintaetacto.3
864 2882 916 2938 Pa·
970 2880 1025 2933 ll:
1048 2878 1259 2934 Asoendentibne
1285 2879 1413 2935 diaconas
1434 2879 1464 2933 in
1490 2879 1609 2950 papiam,
1638 2895 1650 2933 e
1678 2878 1683 2888 '
1746 2877 1797 2933 iet

84 2955 137 3009 ria
151 2969 202 3008 aer
216 2968 346 3019 raparum
362 2949 394 3006 di
405 2950 567 3005 aurichalca
578 2951 665 3008 habet
682 2951 759 3008 idem
774 2957 873 3009 auctor
886 2951 915 3008 in
967 2949 1121 3022 presbyteri
1134 2955 1295 3005 statuantur
1319 2951 1349 3005 in
1364 2950 1427 3006 tocie
1438 2950 1495 3004 sais
1507 2967 1516 3014 ;
1527 2955 1552 3005 et
1565 2949 1664 3015 sebam,
1690 2965 1730 3004 sci
1744 2948 1798 3002 icet

85 3023 193 3096 Sergio
203 3021 234 3087 ll,
250 3022 371 3147 [cirrata
398 3024 483 3091 atque
506 3022 620 3087 eadem,
653 3027 683 3078 ut
693 3023 848 3080 verisimile
862 3028 915 3092 est,
969 3024 1133 3088 cantorum,
1148 3028 1210 3077 ante
1225 3020 1317 3076 attare
1333 3021 1493 3078 berseres
1508 3028 1591 3076 erant
1618 3019 1797 3090 singularum

85 3093 222 3159 sensu,in
234 3093 355 3149 beonell
378 3108 394 3146 ν
429 3092 580 3163 asmajorei
593 3100 656 3149 anta
668 3096 849 3151 secretariam
866 3112 916 3150 nii·
970 3090 1105 3148 ordinum
1120 3096 1178 3148 tem
1201 3108 1250 3148 ore
1263 3107 1421 3148 sacrorum.
1439 3094 1476 3148 lie
1492 3090 1601 3163 pagias
1623 3089 1798 3162 posite-Tho·

86 3181 165 3222 mera
180 3164 329 3220 duodecim.
340 3164 402 3229 Quo
417 3163 628 3244 'multominus
639 3164 750 3221 semitis
764 3164 856 3238 aptari
868 3182 916 3236 po·
973 3162 1080 3219 masius
1100 3161 1131 3217 in
1157 3109 1272 3220 soiioliis
1286 3165 1323 3219 ad
1348 3108 1720 3234 Responsoriiilia:l³apinin
1743 3160 1797 3216 boc

88 3239 157 3293 test.
173 3237 204 3289 l⁰
218 3237 305 3308 Ragae
320 3239 403 3290 erunt
416 3250 444 3289 ni
459 3234 588 3306 ingressu
615 3236 790 3308 presbyterii,
805 3254 870 3293 cum
883 3253 918 3294 ex
932 3209 957 3273 C
972 3234 1035 3291 laco
1048 3233 1171 3289 sumitur
1183 3250 1233 3305 pro
1248 3233 1461 3290 iismarmoreis
1469 3232 1603 3289 cancellis
1618 3231 1677 3289 sire
1692 3230 1797 3288 tabulis
1871 3246 1878 3263 ⁴

88 3312 174 3380 parte
184 3307 323 3371 virorum,
338 3309 401 3361 tum
416 3321 449 3360 ex
463 3308 543 3375 parte
559 3305 712 3363 mulierum
728 3324 734 3363 z
751 3312 834 3365 erant
846 3312 874 3364 et
887 3309 917 3364 in
992 3305 1075 3361 uibus
1089 3304 1285 3361 sanctuarium
1300 3321 1318 3360 a
1332 3303 1420 3361 choro
1437 3309 1463 3361 et
1479 3304 1601 3362 ecclesia
1614 3303 1795 3359 discernitur.

84 3375 918 3519 ttttttttttt‘ltttttttlttttttntit¹-t'tttt·
972 3323 1799 3519 irritarintitttletitie}institerit

83 3538 134 3594 pos
144 3521 177 3575 in
191 3518 387 3592 presbyterioa
403 3525 482 3589 parte
496 3519 619 3574 airarnm
629 3527 653 3576 et
668 3520 814 3577 natta-nn
828 3537 861 3576 ea
873 3537 919 3575 ar·
975 3516 1142 3590 presbyterii
1165 3517 1271 3573 sensim
1301 3520 1464 3589 assurgant,
1492 3515 1580 3587 utqui
1595 3515 1625 3570 iii
1640 3532 1709 3571 area
1733 3519 1800 3571 sunt

83 3599 182 3664 pastea
195 3591 358 3661 porsenna,
379 3596 517 3661 pensantes
556 3589 640 3645 libras
668 3597 773 3647 oentmn
788 3593 917 3664 tripinta,
974 3586 1427 3672 ejusdemsanctnarii,etiisdem
1444 3590 1557 3711 pectore
1572 3585 1801 3652 tenusinniti,et

84 3678 194 3720 nearmn
208 3670 234 3718 et
245 3661 317 3716 otius
326 3677 408 3730 rapui
422 3661 452 3715 in
466 3667 547 3731 eaput
572 3662 736 3733 presbyterii
744 3670 806 3718 anta
820 3663 921 3734 conses-
974 3659 1192 3731 circumspicere
1207 3658 1273 3715 inde
1288 3663 1381 3714 totuin
1396 3674 1443 3715 eco
1455 3657 1519 3714 esiie
1529 3661 1635 3713 coetum
1649 3656 1801 3712 commode

82 3735 203 3789 aionem.
220 3734 251 3788 ln
266 3732 358 3789 Leone
369 3731 406 3787 lll
414 3746 425 3785 :
439 3730 583 3787 Inaestiait
596 3749 682 3804 rnpoi
696 3741 758 3788 ante
771 3734 801 3789 in
818 3750 920 3789 raasnin
975 3730 1091 3802 possint.
1105 3729 1263 3787 Pectoralia
1276 3726 1569 3786 vocaruntinlerioris
1580 3726 1672 3784 aetatis
1685 3726 1802 3798 scripto·

82 3804 191 3860 abaris
205 3820 239 3858 er
253 3810 364 3884 arpenta
387 3802 544 3875 purissimo.
565 3803 640 3859 litio
656 3752 829 3861 Pascbatif:
841 3805 920 3860 Fecit
975 3817 1031 3866 res,
1047 3817 1111 3873 qnae
1130 3800 1233 3857 melius
1255 3801 1390 3858 Meniana
1413 3798 1637 3882 appellarentur.
1650 3797 1765 3854 Videtur
1778 3796 1803 3852 is

83 3877 172 3932 ctiam
189 3882 252 3930 ante
261 3873 418 3930 autololum
429 3873 740 3946 attariarapasmajores
749 3892 783 3930 ea
794 3882 918 3948 arpenta.
975 3871 1106 3945 proprius
1121 3871 1272 3928 levitarum
1282 3872 1370 3937 iocus,
1383 3870 1442 3944 qui,
1453 3870 1606 3927 interdicta
1616 3885 1645 3924 in
1661 3870 1802 3941 presbyte-

82 3949 115 4002 5⁰
133 3948 226 4003 lirant
245 3949 273 4001 et
287 3960 364 4017 ruge
378 3943 505 4000 minares
518 3961 567 4001 seu
588 3945 695 4017 regulae
709 3945 786 4002 intra
801 3951 829 4002 et
841 3953 922 4003 extra
975 3943 1080 4000 riosibi
1091 3958 1226 3999 concessu
1235 3941 1717 4015 juxtepriscoscenones,deceoter
1727 3939 1803 3995 hunc

82 4016 315 4074 contessionem.
343 4014 521 4079 Anastasius,
545 4015 574 4071 iu
598 4017 746 4072 Pascbnlil
764 4018 922 4088 Confessio-
976 4015 1070 4071 locum
1083 4015 1229 4081 tenebant,
1241 4013 1299 4080 ubi,
1312 4013 1398 4070 medii
1407 4013 1483 4070 iuter
1492 4011 1657 4085 pontificem
1670 4026 1802 4068 unacum

82 4106 150 4146 nem
165 4104 228 4145 oum
243 4087 415 4158 rnpntisiais
439 4088 559 4142 interino
585 4089 756 4160 exteriusque
774 4091 922 4144 auttantern
977 4085 1206 4157 presbyterissae
1233 4084 1354 4141 chorum
1376 4089 1528 4140 cantorum
1542 4087 1570 4139 et
1582 4082 1731 4155 populum,
1742 4080 1803 4137 illis

80 4158 276 4231 pulcherrirna
285 4157 405 4228 compsit.
420 4159 501 4223 Quod
517 4161 616 4229 pastea
630 4157 688 4215 ntia
702 4159 732 4214 in
743 4159 805 4215 loco
819 4159 922 4231 repetit
976 4156 1092 4228 quidem
1104 4155 1276 4221 ministrare,
1291 4154 1441 4230 [cxxxiiii]
1460 4155 1505 4210 bis
1529 4171 1596 4211 vero
1609 4170 1731 4226 preaesse
1741 4158 1804 4208 tan·

83 4231 172 4288 idem
189 4233 298 4285 auctor.
314 4230 344 4284 6ο
359 4228 447 4311 Rupe
457 4244 508 4285 seu
520 4229 627 4302 regulos
641 4229 754 4287 insertae
763 4234 846 4286 erunt
855 4246 922 4287 can·
976 4244 1064 4311 quain
1076 4226 1251 4298 inspectores
1263 4243 1297 4282 ac
1315 4227 1473 4283 monitores
1487 4223 1803 4297 iacilepaterant.Pon·

82 4301 184 4363 cellis,
203 4300 253 4371 qui
268 4316 317 4355 eas
332 4301 518 4356 continebant
541 4298 762 4371 iniciebantque.
779 4302 812 4359 ln
828 4302 921 4359 Leone
976 4299 1046 4356 tiiex
1059 4313 1184 4369 namque
1196 4302 1298 4353 cantra
1308 4297 1435 4355 altarein
1447 4297 1602 4353 mediosub
1613 4295 1710 4352 abside
1725 4295 1805 4350 sede·

80 4372 124 4429 tv
140 4393 147 4430 ι
167 4371 246 4426 Fecit
260 4370 374 4443 raptim
386 4369 418 4426 de
430 4377 540 4443 arpenta
552 4370 647 4442 fusiles
674 4388 734 4428 cnm
747 4373 874 4429 cancellis
891 4372 921 4427 in
977 4371 1036 4437 bat,
1052 4368 1191 4440 eptacopis
1205 4369 1243 4424 ad
1257 4369 1399 4434 dextram,
1422 4366 1594 4442 presbyteris
1606 4368 1641 4423 ad
1656 4366 1804 4423 sinistram

82 4444 219 4515 inpressa
240 4440 408 4514 mesbpterr'i
419 4448 443 4496 et
470 4440 650 4511 mulinionis.
663 4442 697 4498 Et
710 4442 738 4497 in
760 4444 876 4499 Nicolao
890 4445 919 4503 l:
976 4438 1191 4499 considentibus
1206 4456 1213 4507 ;
1226 4437 1806 4509 scholareracantorum,oieteriquesuh-

78 4516 183 4572 Porro
197 4513 227 4569 in
239 4513 375 4585 purpuris
388 4511 578 4579 marina-ribai,
599 4521 729 4594 praeunte
743 4531 839 4586 corpur
851 4514 923 4570 beati
940 4554 963 4612 D
977 4510 1091 4568 diaconi
1100 4509 1372 4567 acclericiminores
1383 4516 1452 4567 ante
1463 4509 1661 4566 sanctuarium
1673 4512 1703 4565 et
1714 4509 1806 4564 attare

80 4585 177 4642 Petri
193 4583 309 4655 apostati
324 4584 922 4658 rnpooarpenteaaretinent,doctrataeanpac
977 4584 1007 4639 in
1019 4582 1146 4640 ecclesie
1159 4581 1233 4648 sinu,
1246 4581 1276 4637 in
1289 4582 1378 4638 ebora
1391 4581 1499 4638 scilieet
1511 4580 1656 4648 meniana,
1667 4580 1806 4636 consiste·

79 4657 161 4712 duaa
170 4671 264 4711 nnnc
277 4661 420 4727 repentens
431 4655 544 4725 afferens
551 4655 692 4726 poinit.'t⁰
705 4656 831 4739 Denique
844 4655 923 4728 rugis
978 4655 1057 4711 bant.
1074 4656 1217 4711 Hactenus
1232 4652 1275 4709 vir
1289 4655 1390 4710 doetus
1405 4657 1434 4709 et
1447 4651 1520 4724 pius.

79 4726 239 4799 impositae
251 4732 333 4782 erant
343 4726 498 4799 regulares,
508 4725 653 4797 exquibus
662 4726 767 4811 reiciet
782 4728 924 4799 imagines
1013 4744 1058 4799 Ad
1072 4742 1132 4798 Μ
1151 4759 1218 4815 “30
1242 4741 1390 4812 ,mptum
1419 4739 1565 4805 menium,
1579 4737 1805 4811 quaedjmidajm

79 4797 299 4870 dependebffill
312 4801 380 4854 ³⁰²⁰
394 4813 489 4869 rugas,
506 4801 538 4854 ut
552 4812 620 4853 ¹¹¹⁰¹
646 4799 816 4857 V¹d0b¹¹11¹1³·
979 4812 1105 4871 hominis
1117 4817 1258 4870 staturam
1268 4813 1315 4868 rix
1338 4813 1524 4877 excedebant,
1542 4809 1707 4867 communia
1722 4825 1806 4867 sacra

123 4887 168 4943 Ex
183 4885 229 4942 bis
241 4885 376 4942 omnibns
386 4885 582 4942 indubitanter
591 4886 770 4954 conficimus,
781 4903 924 4971 rugasseu
981 4885 1199 4957 porrigebatur,
1220 4883 1329 4939 cineres
1360 4887 1390 4938 et
1412 4882 1517 4955 palma
1549 4880 1805 4947 distribuebantur,

78 4956 213 5031 rogales
237 4956 308 5014 nibil
331 4957 482 5014 aliudesse
507 4974 596 5038 quam
608 4962 705 5030 portas
719 4971 739 5024 ¹,
750 4959 923 5031 porticellis,
980 4955 1038 5013 alia
1059 4955 1132 5037 rie-ild
1137 4970 1230 5081 fenus
1242 4953 1322 5010 laicis
1330 4955 1549 5037 praestabantur,
1559 4969 1621 5024 quae
1635 4952 1664 5035 in
1675 4956 1807 5007 sanctus·

81 5027 310 5093 fenestellasre‚
320 5044 384 5100 quae
396 5032 457 5084 tuin
467 5029 925 5103 cirogressumpresbyteratum
981 5026 1023 5083 ria
1039 4973 1101 5082 ieri
1116 5025 1135 5081 il
1148 5042 1231 5083 orum
1246 5030 1412 5108 temporum
1424 5024 1523 5097 religio
1537 5024 1616 5080 hund
1629 5024 1751 5080 sinebat.
1766 5023 1807 5079 De

77 5101 115 5157 in
127 5099 276 5156 vestibulo
290 5098 401 5169 altaris,
412 5103 474 5155 tum
488 5096 564 5155 inira
577 5104 606 5155 et
619 5104 701 5158 extra
714 5101 925 5158 consessionem
981 5096 1185 5155 communione
1199 5099 1383 5169 Augustinus,
1399 5095 1428 5151 in
1442 5110 1575 5151 sermone
1587 5094 1639 5150 392
1652 5110 1734 5150 narie
1744 5093 1808 5150 udi·

77 5174 192 5242 erant,
203 5176 266 5226 tum
278 5169 402 5241 denique
409 5169 542 5226 cancellis
555 5169 727 5228 intermistis
741 5177 846 5244 ;atque
859 5171 926 5228 inde
980 5168 1078 5233 tionis,
1093 5183 1175 5224 num.
1191 5167 1208 5222 d
1221 5182 1233 5224 .·
1247 5167 1270 5222 n
1283 5167 1502 5223 communionem
1513 5164 1651 5221 calcitrant
1662 5166 1710 5249 qai
1719 5166 1808 5221 inunt

77 5240 333 5299 vocemltalicsm
342 5241 926 5322 iinpni'cres.quoefenestellasciboriorum
997 5241 1047 5297 nia
1060 5239 1123 5295 naai
1213 5238 1424 5308 tuipsaram‚ne
1437 5235 1808 5309 dacanoetliiprojioiantur.

77 5312 181 5369 hodie
199 5327 314 5384 quoqne
328 5312 479 5382 significat,
502 5312 663 5369 derivatam
677 5313 775 5371 luisse.
789 5313 838 5370 llis
848 5312 926 5369 enim
981 5259 1038 5368 ico
1050 5327 1126 5382 papa
1149 5310 1183 5378 t,
1194 5312 1318 5366 testante
1328 5308 1491 5373 Anastasia,
1504 5306 1654 5365 secundnm
1667 5309 1811 5377 antiquam

76 5383 194 5456 portis,
212 5382 380 5456 porticellis,
402 5383 593 5441 fenestellisre
617 5385 716 5440 omnia
741 5400 927 5457 quaecumque
982 5382 1199 5439 mniuatndinani
1225 5381 1357 5436 monnica
1384 5380 1547 5436 enormitate
1562 5378 1733 5444 deremitat
1747 5376 1811 5431 dnm

77 5454 225 5527 superius
238 5452 400 5538 retulimus,
413 5454 498 5512 facile
507 5461 536 5512 et
543 5457 695 5538 commode
703 5455 795 5528 aptari
809 5459 929 5539 possunt
982 5470 1061 5537 saara
1073 5453 1215 5533 librariam
1230 5451 1363 5509 solemnia
1379 5449 1561 5532 arbiramur,
1579 5448 1673 5531 natine
1687 5463 1720 5502 era
1735 5446 1813 5501 laicis

78 5530 114 5582 ut
124 5526 296 5582 conterenti
307 5529 405 5581 statim
420 5527 582 5598 apparebit.
597 5529 741 5600 Rnpnisnn
754 5530 929 5600 pereurrant
983 5541 1016 5608 in
1022 5524 1191 5597 presbyterio
1203 5529 1287 5588 itare,
1300 5523 1345 5579 aet
1353 5522 1455 5588 sedni,
1467 5527 1516 5578 aiat
1530 5519 1639 5589 inpredi
1653 5523 1809 5590 presumat,

75 5602 183 5724 fortas
196 5613 247 5654 seu
264 5595 419 5669 porticellis
431 5599 601 5680 bipatentes,
613 5602 646 5653 nt
657 5597 765 5669 passim
777 5599 807 5654 in
817 5598 929 5656 cancel·
982 5596 1041 5654 nisi
1055 5602 1248 5652 tantnmsaora
1256 5593 1345 5676 pletis,
1357 5611 1425 5722 &aa
1437 5596 1468 5649 in
1482 5590 1721 5648 administratione
1737 5588 1812 5644 iacit

87 5686 127 5726 is.
149 5668 284 5750 lineata,
295 5684 367 5750 quus
379 5667 500 5726 interius
512 5685 542 5725 in
552 5668 734 5726 confessione
748 5669 834 5727 tuisse
855 5686 928 5743 prrs-
982 5667 1063 5740 affioii
1074 5667 1221 5725 sanititrita
1234 5665 1354 5722 radatur.
1382 5664 1474 5721 tinain
1484 5661 1654 5734 rigeretboc
1663 5659 1811 5715 decretum

74 5739 236 5807 misimus,
252 5738 323 5796 nibil
339 5739 420 5797 aliud
433 5744 516 5798 erant
528 5756 617 5812 quam
633 5740 793 5799 fenestellis
806 5740 875 5808 illas,
890 5742 927 5799 ds
984 5738 1074 5797 etiarn
1087 5751 1164 5796 nunc
1177 5737 1253 5809 apud
1266 5735 1377 5793 omnent

130 5892 152 5931 ⁸
162 5882 238 5943 Vide
254 5880 400 5941 Sanctusr.
417 5882 555 5958 Capuan,
569 5899 597 5957 p.
615 5884 661 5952 48,
678 5881 726 5943 ubi
737 5882 839 5959 regule
851 5887 940 5959 portis
954 5882 1097 5941 deantur.
