4136 6180
85 286 142 344 897

475 282 511 343 ιιι
532 264 696 345 onerna'n
717 260 891 343 nonanus
911 270 1203 348 manseramus
1223 287 1402 350 rnavrus.

1731 284 1789 349 898

84 415 288 474 archidiacono
300 414 387 478 tacta,
401 412 430 469 in
444 430 496 471 sua
508 412 752 473 scilicetltemana
761 411 915 486 legatione,
931 417 954 477 Α
971 416 1036 471 dem
1053 416 1143 473 terme
1156 418 1249 475 verbis
1264 420 1363 475 desum
1386 424 1431 474 tns
1446 418 1526 475 sites
1539 417 1677 474 amalarii
1701 418 1752 476 lib.
1772 439 1792 484 1,

83 506 140 563 qua
154 489 268 562 peracta
283 503 354 558 epus
368 501 452 540 suum
468 486 642 542 emendavit,
656 485 726 541 lude
747 483 780 539 tn
798 485 874 556 quod
886 484 915 539 in

83 561 187 619 Codice
200 556 373 615 colbertino.
387 555 417 610 in
432 573 488 628 quo
496 557 576 629 prior
589 557 707 629 hujusce
719 555 820 627 cepitis
830 555 915 611 lectio

84 629 349 690 exstatomissaest
375 628 466 684 ultera
482 628 575 700 operis
600 627 732 700 praelatio
758 643 916 698 quaerece-

84 701 208 778 gnitieni
227 700 341 775 praelixa
357 698 421 755 tuit.

119 774 236 831 aliaest
250 772 278 826 in
291 771 394 827 eodem
417 786 502 896 opere
527 770 652 828 varietas
680 786 738 827 non
763 768 860 826 minor
885 769 913 825 in

83 846 134 904 lib.
150 862 187 910 rr,
200 860 262 915 cap.
280 843 325 909 uu,
339 843 387 897 ubi
402 858 432 897 re
446 845 509 897 acta
524 841 651 913 Gregorii
665 841 763 913 Magni
779 842 815 897 ad
830 842 915 896 toan·

84 934 153 974 aem
167 919 379 988 Syracusanum
389 911 914 985 epistoledenennullisritibusEecle·

84 989 134 1045 sie
147 989 294 1053 Romane,
309 985 449 1057 quasdam
466 1000 499 1039 ex
515 1000 549 1041 ea
564 985 777 1041 observationes
794 982 912 1055 colligit,

84 1061 162 1117 inter
177 1074 249 1131 quas
262 1057 396 1112 haeserat
410 1055 439 1111 in
454 1055 547 1127 prima
562 1056 655 1128 operis
671 1055 811 1124 Editione,
827 1070 912 1126 qnam

84 1131 114 1187 in
129 1127 326 1201 recognitione
349 1126 495 1199 expunxit,
524 1128 560 1182 ab
589 1126 727 1199 liittorpio
748 1126 783 1181 ad
807 1126 914 1182 calcem

84 1202 181 1275 operis
197 1216 261 1256 cum
273 1197 716 1255 aliisvariislectionibusrelnta.
731 1197 768 1251 lit
780 1197 915 1253 dubitatio

83 1273 217 1346 arriertar
231 1270 323 1326 dedic
349 1271 517 1337 Poroseeoes,
541 1269 572 1324 ds
594 1287 648 1341 qna
670 1270 761 1341 aliqui
787 1267 915 1324 dubitant

84 1352 182 1401 atram
195 1344 267 1399 ineo
280 1346 462 1397 consecretur
474 1356 577 1413 corpus
595 1340 720 1407 Domini,
745 1355 782 1396 an
798 1355 865 1394 aen.
883 1340 915 1394 ln

84 1417 188 1473 eedem
201 1411 548 1486 dicapestolicarecolitur
557 1412 732 1477 miserereris,
740 1417 914 1483 qaaetontam

84 1487 262 1545 Dominioam
277 1484 437 1541 Orationem
451 1499 532 1555 saper
546 1499 641 1554 corpas
652 1490 678 1538 et
687 1483 849 1555 sanquinem
862 1481 914 1536 Do·

83 1559 160 1616 mini
172 1554 291 1612 diceban
308 1557 417 1638 Nempe
427 1555 492 1680 qnia
502 1554 751 1625 mesapostotoram
762 1553 828 1625 init,
838 1554 914 1624 quod

83 1628 239 1702 Gregorius
252 1626 294 1683 ini
309 1626 433 1699 laeprste
447 1624 915 1697 atradit,ntadipsaaasotnmmedo

84 1701 245 1757 Orationem
259 1698 433 1754 Dominicam
456 1696 602 1753 oblationis
625 1696 750 1753 Hostiam
776 1712 914 1751 omnemo-

970 502 1032 558 cap.
1047 488 1089 555 tt,
1107 495 1191 560 prout
1205 490 1234 545 in
1251 491 1336 562 priori
1352 490 1482 547 hditiene
1497 492 1532 546 alr
1548 494 1663 546 auctore
1678 507 1795 564 concep-

971 563 1031 614 tum
1047 564 1098 614 est.
1116 561 1147 615 ld
1159 566 1272 617 tanturn
1289 562 1432 629 addimus,
1446 561 1795 619 librumillumdedirieis

970 629 1089 696 Officiis,
1103 632 1150 757 qui
1166 633 1277 689 Alcnini
1294 650 1400 689 nerrren
1417 634 1445 688 in
1473 633 1562 689 liditis
1585 633 1709 705 qrraclcrt,
1733 651 1795 690 csse

971 702 1092 773 [cxxxiv]
1122 704 1284 775 arnaginem
1299 721 1332 760 ex
1348 704 1466 760 diversis
1485 704 1634 767 Arenlarii,
1652 703 1795 775 ipsiusque

969 772 1080 829 Alcuiui
1090 774 1221 845 genuinis
1231 775 1648 841 consarcinatumoentonibus,
1659 775 1783 831 alierum

969 860 1024 915 quc
1039 851 1188 902 auctorum
1199 846 1318 902 Alcuino
1328 846 1528 918 posteriorum.
1543 846 1651 918 Quippe
1661 851 1747 918 eaput
1760 847 1795 903 db

970 914 1040 970 nihil
1052 915 1130 973 aliud
1145 922 1189 974 cst
1202 934 1288 989 quum
1308 917 1428 989 Remigii
1455 917 1589 973 monachi
1617 918 1794 975 antissiodo-

968 988 1058 1043 rensis
1071 987 1183 1044 libellus
1206 991 1239 1045 de
1263 989 1440 1060 expositione
1455 989 1545 1044 Missa
1557 1004 1564 1054 ;
1576 992 1603 1044 et
1617 988 1643 1043 in
1672 1005 1734 1061 cap.
1761 990 1794 1045 ld

970 1057 1093 1114 retertur
1106 1059 1225 1130 epistola
1241 1060 1361 1142 llelprici
1375 1060 1507 1115 monachi
1526 1060 1562 1114 ad
1577 1065 1707 1116 sunctum
1730 1061 1793 1116 Gal·

968 1128 1028 1184 lum
1043 1128 1095 1184 suh
1107 1130 1193 1186 finem
1208 1131 1301 1187 saecnh
1317 1130 1431 1187 decimi.
1447 1133 1489 1187 hd
1506 1130 1794 1198 requiemnoctis

969 1199 1113 1266 emittam,
1130 1202 1234 1256 Pascba
1254 1202 1381 1258 Granum
1396 1219 1494 1257 rocem
1517 1218 1578 1257 esse
1600 1201 1667 1258 dicit
1695 1207 1795 1258 auctor

968 1276 1069 1326 contra
1084 1288 1247 1343 expressam
1259 1274 1368 1330 Alcuini
1379 1273 1563 1343 sententium,
1573 1272 1621 1329 lib.
1632 1291 1659 1327 ιι
1670 1273 1698 1328 in
1712 1275 1793 1329 ioan·

968 1358 1046 1407 narn,
1063 1359 1125 1414 cap.
1142 1343 1185 1409 3⁰2,
1204 1343 1251 1400 uhi
1267 1343 1327 1401 hoec
1342 1345 1428 1401 rerba
1443 1345 1571 1411 :Parate
1599 1346 1715 1416 fratrer,
1729 1362 1792 1411 noir,

967 1414 1035 1469 sicca
1048 1415 1159 1485 quidam
1172 1414 1344 1480 existimant,
1360 1417 1488 1471 Groecmn
1505 1432 1606 1471 amaea
1617 1422 1664 1471 est.
1686 1416 1731 1469 aad
1743 1416 1794 1470 llo·

968 1485 1087 1542 bream.
1098 1485 1224 1557 Denique
1239 1490 1408 1557 personatus
1422 1487 1469 1542 ille
1480 1486 1697 1542 consarcinator
1706 1503 1795 1543 socer·

967 1557 1040 1611 dots'a
1055 1556 1224 1612 vocabalum
1241 1558 1374 1614 Gnarum
1391 1574 1452 1613 csso
1467 1558 1508 1612 ait
1522 1556 1550 1613 in
1566 1573 1630 1628 cap.
1646 1558 1691 1625 sn,
1717 1559 1795 1629 quod

967 1631 1093 1683 erratum
1108 1627 1261 1684 ubrtlcaiai
1271 1629 1525 1700 doetrinaprorsus
1537 1628 1663 1683 alienum
1676 1633 1727 1683 est.
1739 1630 1794 1685 Sed

968 1699 1029 1755 haec
1042 1703 1123 1755 extra
1138 1715 1262 1771 scopum.

82 1773 178 1842 reat)
187 1769 342 1843 lqitaraisi
351 1775 415 1823 esset
425 1766 591 1823 admonitam
601 1785 635 1822 ea
645 1768 764 1824 Reaaaao
774 1766 913 1822 Ordiaent
928 1775 950 1834 B
1004 1774 1030 1825 3.
1050 1770 1115 1826 iam
1124 1787 1190 1827 rere
1199 1772 1267 1837 haee,
1280 1772 1392 1897 qualem
1402 1771 1487 1826 ruodo
1501 1771 1695 1843 exposuimus,
1709 1773 1794 1826 Amo·

83 1849 277 1899 resemaretnr
291 1857 388 1913 corpas
403 1839 515 1895 Domini
533 1856 550 1894 a
565 1839 665 1912 quinta
691 1839 765 1911 [erio
782 1854 867 1919 amne·
883 1837 913 1893 ia

82 1923 202 1982 semem,
229 1930 281 1968 aon
311 1919 376 1967 esset
400 1911 583 1966 necessariam
611 1910 763 1974 reservari,
786 1926 914 1981 meamea

81 1987 218 2057 sufflaret
231 1983 287 2040 sota
300 1982 395 2039 Oratio
410 1982 552 2038 Dominioa
565 1981 601 2037 ed
616 1980 828 2037 consecrandam
857 1997 914 2035 cor·

81 2074 144 2129 pas,
157 2057 229 2113 sicca
243 2054 345 2182 celarit
357 2053 393 2108 od
416 2053 626 2110 consecrandam
638 2053 734 2111 eiaam
755 2059 782 2109 et
796 2068 910 2123 aquam.

83 2128 163 2194 and
177 2128 253 2184 enirn
284 2124 443 2181 nascentias
459 2124 537 2190 dicit,
564 2124 615 2181 isto
638 2123 717 2180 biddu
743 2127 915 2180 sacramenta

78 2200 196 2271 penitas
220 2214 274 2254 aon
297 2195 438 2254 celebrari
457 2195 684 2320 :intellisqeadam
707 2202 756 2261 est,
781 2200 813 2251 at
830 2195 915 2267 iacto

82 2288 193 2331 arerem
207 2268 336 2325 Ecclesia
350 2274 448 2323 nostrae
462 2282 516 2322 noa
529 2283 557 2322 ce
569 2266 710 2323 obruatur.

119 2340 173 2398 llis
184 2339 350 2415 praemissis,
366 2337 584 2419 disquirendum
596 2341 640 2393 est
651 2355 715 2411 quae
731 2334 915 2395 iuerithma-

80 2412 149 2469 larii
166 2411 483 2482 inhisduebuspnmae
510 2409 648 2466 Editionis
674 2408 744 2465 locis
772 2407 915 2465 sententia

79 2500 172 2557 super
183 2480 462 2539 consecrationerini
473 2480 673 2545 iuParasceve‚
681 2484 710 2536 et
719 2478 787 2552 quid
798 2480 914 2535 demum

79 2556 113 2612 in
128 2572 188 2612 sum
203 2552 354 2611 sententiae
361 2551 556 2624 recognitione
566 2550 774 2610 emendaverit.
784 2551 816 2606 ln
827 2548 915 2621 priori

79 2628 147 2684 loce
157 2625 197 2683 ait
206 2625 378 2698 sanctificari
389 2625 481 2680 oiaam
493 2641 548 2679 aaa
559 2629 742 2680 menecratum
753 2638 802 2695 per
815 2623 916 2677 sarni·

78 2700 191 2770 finolam
205 2712 324 2770 panem
337 2695 366 2751 in
380 2694 532 2768 posteriori
548 2694 629 2767 quasi
655 2710 713 2750 nen
729 2692 799 2749 satis
821 2692 916 2749 solere

78 2769 331 2827 animaduerteret
344 2766 601 2823 sanctificationem
627 2764 708 2821 illam
735 2768 765 2821 ct
789 2764 913 2837 [xxxxnr]

79 2840 288 2898 commistione
300 2838 446 2912 particulae
456 2841 638 2907 consecratae,
655 2835 774 2892 ulterius
786 2851 916 2918 progres-

79 2930 134 2969 sus
149 2910 236 2968 estin
252 2910 301 2965 lib.
318 2928 354 2979 ιιι,
369 2927 430 2982 esp.
447 2910 494 2978 2⁶,
506 2912 585 2965 ratus
597 2907 656 2963 vini
669 2912 914 2965 consecrationem

78 2982 148 3041 fleri
163 2999 215 3055 per
239 2982 332 3038 solam
356 2981 521 3038 Orationem
547 2978 735 3036 Dominicam.
763 2980 856 3050 Atque
884 2981 916 3060 ut

79 3071 153 3113 eum
169 3055 287 3110 devera
301 3056 330 3109 et
354 3050 468 3124 proprie
497 3050 574 3107 dicta
597 3049 811 3107 consecratione
837 3049 865 3105 lo
888 3065 915 3104 ur

79 3129 235 3200 appareat,
251 3124 292 3180 ite
305 3128 430 3180 mentem
445 3139 528 3178 suam
543 3121 669 3195 exponit,
695 3127 727 3178 ut
741 3122 836 3177 dicat:
880 3121 952 3197 inq

80 3203 154 3254 esset
166 3196 339 3253 admonitam
352 3212 385 3251 ea
404 3196 528 3252 Romano
553 3194 657 3249 Ordine
674 3201 705 3250 nt
728 3199 916 3248 reservaretur

79 3286 184 3340 corpus
197 3266 309 3323 Domini
322 3284 339 3323 a
354 3267 428 3340 ferio
441 3266 538 3337 qaiato
553 3281 633 3391 uffae
660 3264 696 3319 od
722 3270 833 3331 restam,
862 3278 915 3318 noa

79 3346 151 3397 esus
164 3338 345 3395 uenenarium
355 3336 502 3394 reseruari.
520 3336 572 3402 Qui
613 3334 681 3391 isat
695 3335 832 3403 Quoniam
846 3334 918 3405 saffi-

79 3417 160 3468 aeret
174 3411 232 3467 sola
246 3410 343 3466 Oratio
357 3407 503 3465 Dominioa
516 3408 552 3463 ed
574 3404 783 3463 comessandum
809 3422 915 3487 corpore,

78 3483 158 3540 sicut
172 3481 268 3553 mffioit
280 3480 316 3535 ad
327 3479 642 3537 masecraadnmoinam
657 3485 805 3550 etaqaam.
815 3477 873 3532 lloc
887 3491 917 3530 ιιι

79 3555 148 3611 loce
162 3551 351 3608 manifestum
367 3556 410 3607 est
422 3554 569 3607 auctorem
584 3565 668 3623 agere
683 3549 718 3604 de
725 3564 794 3604 aera
806 3565 839 3604 ac
853 3562 918 3619 pro-

100 3624 147 3681 rie
176 3623 254 3679 dicta
279 3621 420 3679 Dominici
447 3621 574 3693 corperis
599 3618 824 3688 consecratione,
856 3634 918 3690 quae

79 3644 170 3754 fieret
178 3711 228 3766 per
238 3693 331 3750 selam
340 3692 504 3750 Orationem
514 3690 731 3748 Dominicamin
744 3690 816 3747 seria
826 3694 916 3755 sexta,

79 3768 106 3824 si
125 3784 160 3823 ex
173 3763 261 3839 priori
276 3765 490 3823 consecratione
509 3763 580 3819 nihil
608 3762 708 3819 luisset
723 3765 912 3818 reservatum.

81 3838 170 3897 Unde
185 3853 361 3909 consequens
375 3840 419 3893 est
439 3836 569 3892 eamdem
595 3834 762 3890 Orationem
789 3832 917 3889 Domini·

80 3904 918 3978 eam,secundumhmalarium,snfficereadmasccreadnra

79 3982 188 4038 einum
202 3986 228 4036 et
243 3995 343 4051 oqaom
358 3977 571 4035 consecratione
583 3993 642 4033 non
662 3980 774 4033 tantum
790 3974 919 4031 acciden-

81 4052 161 4111 taria
175 4052 227 4108 sed
240 4065 308 4108 aera
320 4067 353 4106 ae
365 4049 446 4106 reali.

119 4125 283 4180 Nuncrero
296 4121 364 4194 quid
377 4118 549 4178 inserendis
563 4117 638 4175 curis
653 4117 696 4174 sui
713 4117 806 4192 operis
821 4121 921 4173 auctor

81 4195 116 4251 in
132 4194 180 4251 liis
195 4193 307 4249 duobus
321 4192 391 4249 locis
411 4188 600 4248 emendavit?
614 4190 654 4246 De
668 4188 755 4262 priori
772 4187 863 4245 facilis
878 4192 920 4245 est

83 4264 197 4324 solutio
213 4280 247 4322 ex
262 4264 479 4336 comparatione
494 4277 582 4334 quam
606 4276 673 4316 mox
689 4260 807 4317 lecimus
822 4259 920 4333 primae

82 4336 230 4394 Editionis
242 4353 308 4393 eum
325 4336 459 4402 secunda,
476 4333 524 4389 ubi
540 4348 624 4390 nemo
640 4348 697 4388 uon
710 4330 787 4387 ridet
808 4335 921 4387 mutata

82 4407 186 4482 potius
207 4406 295 4465 fuisse
309 4407 398 4463 verbe
425 4421 513 4480 quam
527 4419 653 4461 sensum.
679 4403 753 4458 Nam
769 4402 799 4458 in
825 4403 921 4475 prima

82 4476 237 4538 concludit
263 4476 430 4550 sanctificari
455 4476 551 4532 vinnm
577 4491 632 4532 noa
661 4481 847 4531 consecratam
871 4490 959 4558 pern

81 4550 293 4620 reedificatum
307 4565 408 4632 panem
420 4546 469 4611 ;iu
485 4547 610 4604 secunda
621 4562 686 4602 vero
693 4546 777 4617 juata
789 4546 921 4602 Ordinem

83 4620 181 4680 libelii
194 4621 318 4677 Romani
412 4619 631 4678 commistionem
644 4619 723 4690 panis
747 4622 772 4671 ct
787 4617 846 4672 oiai
860 4634 922 4674 ooa-

80 4693 195 4751 secrari
209 4692 315 4749 ninam.
332 4636 484 4762 ffieqois
493 4693 574 4762 putet
585 4688 615 4744 id
625 4688 872 4760 interpretandum
886 4690 922 4745 da

82 4768 169 4822 meta
192 4762 290 4819 berica
305 4761 531 4826 consecratione,
547 4760 628 4817 addit
653 4759 701 4831 qui
729 4758 784 4815 hoe
811 4759 921 4832 lecerit,

82 4853 141 4894 aon
152 4780 296 4892 exterrere
306 4834 487 4890 traditionem
502 4831 640 4897 Drobeta,
661 4831 697 4888 de
716 4846 769 4903 qao
792 4831 861 4887 dicit
874 4831 922 4888 la-

81 4907 229 4965 nerentins
242 4909 293 4962 isto
307 4905 388 4962 biduo
396 4903 580 4962 Sacramenta
591 4902 699 4975 penitas
709 4918 764 4956 aen
774 4902 919 4959 celebrari.

83 4977 176 5053 Atqui
191 4975 372 5035 Innocentius
384 4974 444 5049 agit
455 4976 491 5032 de
505 4991 572 5031 aera
584 4971 799 5030 consecratione
811 4978 920 5045 myste-

83 5051 214 5115 riorum;
228 5064 262 5105 ac
293 5047 393 5105 roinde
408 5045 582 5111 amalarius,
594 5045 642 5117 qui
656 5046 710 5101 hac
721 5044 922 5102 commistione

82 5120 257 5194 predictam
273 5066 458 5176 iraditionem
486 5116 587 5172 violari
615 5114 799 5181 existimarit,
830 5115 921 5172 eidem

83 5191 287 5250 commistioni
302 5207 401 5247 reram
415 5186 660 5246 consecrationem
678 5184 788 5241 tribuit.

125 5265 184 5321 Sed
200 5262 268 5336 quia
283 5261 312 5318 in
327 5261 477 5333 posteriori
492 5260 554 5315 loco
583 5258 681 5330 prima
706 5255 840 5314 editionis
854 5273 922 5339 cen-

85 5334 283 5392 secratienem
299 5332 447 5388 illamnon
458 5328 662 5396 commistioni,
675 5328 725 5385 sed
735 5327 865 5385 Orationi
873 5329 923 5384 de·

84 5404 204 5462 minicae
219 5405 400 5477 ascripserat,
430 5406 462 5458 ut
487 5402 540 5458 sibi
566 5400 626 5473 ipse
648 5404 803 5467 constaret,
828 5403 922 5455 tetum

84 5478 168 5534 hunc
184 5476 278 5532 locum
296 5474 420 5540 sustulit,
437 5477 468 5530 ut
481 5478 573 5530 tetam
589 5471 775 5529 consecrandi
791 5469 849 5526 vini
863 5471 922 5527 vir-

85 5552 184 5605 tutem
200 5545 396 5604 commistioni
410 5544 558 5601 tribueret.
575 5546 632 5599 llas
648 5541 861 5599 observationes
875 5559 924 5599 ne-

84 5619 164 5674 mini
179 5617 371 5690 displicituras
386 5630 502 5689 sperare
516 5615 591 5681 licet,
620 5630 684 5670 rum
709 5615 746 5670 ed
772 5630 833 5670 rem
859 5631 922 5687 per·

86 5685 919 5748 obscuramitlustrandamnonnihilconducererideantar.

128 5761 277 5819 Amalarie
289 5759 418 5833 superius
433 5758 598 5834 sejunximus
617 5758 726 5840 vulgati
746 5756 857 5814 alcuini
880 5756 923 5814 lo·

86 5848 171 5900 cnm,
186 5834 232 5891 cui
246 5828 414 5906 explicando
438 5846 497 5888 uon
520 5830 752 5898 immorabimur,
777 5845 843 5887 eum
857 5828 923 5886 teti-

968 1840 1032 1896 larii
1043 1842 1184 1898 sententia
1198 1843 1345 1898 catholeco
1362 1842 1426 1898 ndei
1438 1842 1472 1898 de
1482 1857 1548 1897 vera
1563 1860 1596 1897 ac
1611 1843 1680 1899 reali
1690 1842 1794 1897 Christi

969 1911 1121 1984 prasentia
1135 1913 1164 1968 in
1179 1913 1357 1969 Eucharistia
1371 1930 1458 1985 quam
1476 1913 1547 1968 benc
1566 1914 1727 1977 conveniat,
1754 1914 1795 1967 la-

968 1983 1021 2039 cile
1037 1988 1080 2040 ost
1097 1984 1253 2040 advertere.
1270 1985 1298 2039 Si
1314 1983 1391 2040 enim
1408 1983 1636 2054 metaphoricam
1662 2000 1695 2039 ac
1723 1984 1794 2056 tigu-

968 2060 1062 2111 ratam
1076 2054 1169 2110 solum
1184 2055 1426 2111 consecrationem
1441 2054 1613 2120 admisisset,
1628 2071 1686 2110 nen
1702 2058 1796 2110 tanto-

969 2142 1034 2197 pere
1049 2126 1232 2199 cogitandum
1248 2130 1311 2183 erat
1324 2128 1358 2182 de
1369 2127 1520 2197 modoque
1536 2125 1633 2181 sinum
1648 2125 1676 2181 in
1692 2126 1796 2184 Paras-

969 2213 1035 2254 ceve
1050 2201 1240 2264 consecretur,
1255 2202 1477 2270 percontantem
1490 2197 1634 2268 particula
1645 2196 1793 2262 immissae,

969 2285 1006 2324 an
1022 2286 1072 2340 per
1087 2270 1252 2325 Orationem
1276 2268 1467 2325 Dominicam.
1493 2270 1566 2324 Nam
1594 2268 1677 2324 unius
1693 2268 1795 2340 speciei

969 2340 1181 2397 consecratione
1194 2338 1391 2413 metaphorica
1403 2339 1492 2397 semel
1506 2339 1591 2407 laeta,
1609 2356 1642 2396 cx
1654 2340 1716 2412 ejus
1728 2354 1794 2395 cea·

970 2415 1047 2467 tactu
1062 2412 1161 2468 confici
1177 2412 1400 2468 accidentariam
1415 2410 1661 2468 consecrationem
1676 2411 1794 2483 planum

970 2486 1041 2539 erat.
1059 2482 1116 2538 Sed
1126 2481 1194 2609 quia
1208 2499 1276 2539 vera
1288 2501 1321 2538 ac
1331 2482 1572 2539 substantialisde
1582 2482 1728 2538 amalario
1738 2498 1796 2537 cre·

973 2554 1095 2609 debatur
1109 2552 1126 2609 il
1141 2570 1158 2609 a
1173 2554 1330 2620 conversio,
1340 2555 1469 2610 demodo
1479 2571 1535 2626 quo
1557 2570 1590 2609 ca
1616 2554 1697 2610 tieret
1712 2552 1796 2609 anxie

970 2623 1141 2696 inquirebat.
1157 2625 1231 2691 Ouid
1245 2642 1330 2697 perro
1343 2626 1448 2681 mirum
1464 2627 1487 2682 si
1505 2642 1601 2680 aeram
1616 2624 1673 2680 sini
1695 2640 1797 2681 cense-

970 2695 1128 2752 crationem
1143 2712 1177 2752 cx
1191 2701 1323 2753 contactu
1337 2702 1366 2753 ct
1380 2697 1553 2753 admistione
1566 2696 1683 2753 alterius
1693 2695 1795 2767 speciei

970 2766 1032 2823 lieri
1047 2767 1180 2840 opinatus
1194 2770 1238 2823 est
1252 2767 1413 2824 amalarius
1428 2768 1512 2841 longe
1538 2771 1605 2823 ante
1632 2766 1795 2838 Derangarii

970 2842 1093 2904 atatem,
1107 2855 1171 2894 cum
1186 2841 1250 2911 pest
1264 2838 1479 2895 damnationem
1495 2839 1558 2911 ejus
1570 2837 1705 2894 heresim
1717 2839 1795 2894 idern

970 2909 1112 2966 senserint
1125 2926 1184 2966 non
1210 2910 1291 2982 pauci
1316 2909 1449 2966 catholici
1474 2913 1615 2977 auctores,
1641 2914 1672 2965 ut
1698 2913 1797 2983 postea

972 2981 1159 3037 videbimus?

980 3070 983 3075 ·
1006 3052 1123 3108 Interim
1143 3068 1232 3109 unum
1258 3053 1358 3109 atterra
1375 3052 1452 3108 lubet
1472 3051 1666 3125 lticrotogum,
1690 3051 1739 3123 qui
1767 3050 1796 3105 in

971 3141 1031 3195 cap.
1058 3124 1102 3189 l'l,
1132 3123 1179 3180 abi
1206 3125 1363 3181 revereadae
1389 3124 1528 3181 memmiae
1556 3123 1723 3195 Gregorium
1748 3121 1798 3178 ult

971 3195 1081 3259 laudat,
1094 3212 1124 3251 se
1139 3195 1391 3278 postejusebitum
1406 3194 1553 3266 scripsisse
1563 3196 1633 3251 satis
1644 3193 1748 3250 innuit.
1760 3194 1797 3258 ls,

971 3267 1006 3323 de
1017 3267 1135 3322 vitanda
1144 3266 1313 3323 intinctione
1326 3282 1424 3339 agens,
1441 3266 1482 3322 ita
1494 3266 1619 3337 loquitur
1628 3266 1658 3321 in
1667 3283 1729 3338 esp.
1744 3265 1796 3320 19;

970 3337 1034 3395 Non
1047 3341 1085 3392 est
1098 3344 1194 3394 entem
1208 3337 1395 3394 authenticam
1410 3337 1480 3408 qnod
1489 3337 1601 3409 qnidam
1626 3353 1722 3409 corpas
1743 3334 1798 3391 Do·

971 3407 1391 3480 raiaiintr'aqnnt.e'tiatinstam
1420 3408 1798 3479 roeeraplemendecomma·

971 3479 1063 3534 aionis
1073 3479 1172 3550 popolo
1186 3479 1383 3536 distribuant.
1427 3495 1474 3535 orae
1492 3479 1564 3534 Ordo
1578 3479 1718 3535 Romanas
1740 3495 1800 3534 oon·

975 3550 1098 3616 tradidit,
1111 3551 1161 3621 qai
1179 3557 1206 3606 et
1230 3552 1260 3605 ia
1275 3552 1425 3606 Parasceoe
1439 3551 1535 3605 ninam
1550 3566 1603 3606 non
1617 3556 1799 3606 somersetam

973 3638 1037 3679 enm
1053 3621 1200 3677 Orminion
1216 3621 1345 3677 Oratione
1360 3627 1384 3676 et
1395 3619 1539 3678 Dominici
1552 3621 1674 3692 serpens
1692 3621 1801 3676 immis-

971 3693 1045 3749 sione
1055 3692 1131 3765 jabet
1152 3707 1318 3759 consecrare,
1341 3701 1372 3748 nt
1397 3692 1512 3765 populas
1526 3692 1601 3763 plene
1621 3693 1705 3762 possit
1729 3706 1799 3746 corn·

972 3764 1128 3820 manicare.
1143 3764 1219 3832 and
1229 3765 1319 3835 atique
1332 3765 1465 3836 saperdae
1473 3765 1645 3836 preriperet,
1662 3763 1688 3819 si
1700 3761 1801 3819 intinc-

973 3843 1032 3891 tam
1045 3834 1224 3891 Dorainicara
1238 3852 1256 3890 a
1262 3836 1358 3907 priori
1368 3835 1412 3890 die
1426 3851 1524 3907 corpas
1537 3841 1706 3900 seruaretur,
1722 3837 1746 3888 rt
1761 3833 1799 3888 ito

974 3906 1122 3962 intinctam
1134 3907 1235 3977 papate
1253 3907 1288 3961 od
1302 3906 1559 3963 communicandam
1586 3907 1701 3977 saffiram
1726 3904 1800 3961 oide-

974 3985 1063 4036 retar.
1077 3977 1110 4032 ln
1124 3976 1168 4033 his
1183 3976 1276 4032 verbis
1290 3976 1404 4051 [cxxxv]
1420 3977 1515 4033 nullus
1538 3975 1704 4049 ambigendi
1722 3975 1801 4031 locus

972 4048 1089 4105 relictus
1102 4052 1144 4104 est
1158 4046 1227 4120 quia
1252 4047 1424 4120 Microlegus
1439 4064 1536 4104 reram
1556 4047 1799 4104 consecrationem

974 4120 1121 4176 Domiaiea
1132 4118 1264 4175 Oretmm
1277 4127 1303 4175 et
1318 4119 1461 4176 Dominioi
1484 4121 1606 4191 eorporis
1630 4118 1801 4175 immissione

974 4189 1036 4248 lieri
1048 4189 1210 4256 crediderit,
1227 4194 1289 4246 tum
1314 4190 1381 4262 quia
1406 4207 1440 4246 ex
1466 4189 1608 4248 caliceita
1635 4192 1801 4246 consecrato

975 4260 1803 4389 mmsftemoatamrommaaionisdariputattumquiaejus·

975 4349 1024 4388 mo
1047 4332 1313 4389 iconsecretionem
1336 4334 1518 4390 tantumdem
1533 4333 1641 4401 valere,
1657 4337 1686 4388 at
1708 4349 1743 4389 ue
1768 4347 1802 4387 ex

976 4421 1042 4462 aero
1057 4403 1197 4476 sauguine
1208 4403 1403 4461 intinctionem
1421 4404 1564 4477 opinatur.
1592 4405 1674 4462 Unde
1724 4403 1804 4459 ittor·

996 4476 1040 4531 ius
1055 4492 1121 4532 eum
1133 4475 1162 4531 in
1184 4475 1260 4533 lianc
1278 4476 1452 4533 sententiam
1478 4475 1627 4532 inductum
1651 4478 1748 4532 censet
1765 4489 1803 4530 ex
1824 4524 1831 4541 ,

976 4493 1100 4604 Romani
1115 4547 1230 4604 Ordinis
1244 4549 1335 4604 verbis
1361 4562 1512 4620 perperam
1528 4546 1690 4612 intellectis,
1719 4550 1747 4601 et
1769 4561 1803 4602 ex

973 4617 1082 4691 judicie
1099 4619 1250 4684 amalarii,
1268 4619 1315 4691 qui
1325 4635 1376 4692 per
1390 4618 1557 4675 Orationem
1572 4617 1752 4675 Dominicarn
1765 4616 1805 4673 ri·

977 4707 1046 4746 num
1068 4706 1168 4748 resera
1191 4690 1351 4747 consecrari
1375 4689 1607 4762 primoquidem
1631 4689 1806 4746 existimarit

977 4760 1169 4832 deinderere,
1195 4765 1318 4819 retracta
1347 4761 1492 4828 oinione,
1520 4777 1570 4834 per
1594 4759 1805 4816 immissionem

976 4831 1124 4903 particulae
1145 4837 1329 4890 consecrata.
1356 4779 1515 4904 linumque
1541 4849 1607 4888 vere
1635 4826 1805 4903 blicrologus

976 4903 1105 5030 adlrlnisgt,
1121 4903 1169 4976 qui
1185 4902 1304 4975 proinde
1321 4904 1356 4959 ab
1367 4902 1515 4961 amalario
1531 4902 1680 4960 nandans
1707 4907 1751 4960 est
1764 4901 1806 4958 di-

976 4991 1009 5031 ae
1033 4991 1069 5031 en
1092 4991 1134 5031 us.

1012 5082 1078 5137 lllll.
1088 5068 1803 5149 Quiddebaccommistionsah'eirdeoiesiaessaseriat,

1268 5153 1371 5226 aliiqns
1382 5161 1513 5211 andans.

1012 5258 1085 5316 Ante
1106 5268 1174 5315 uam
1190 5258 1245 5317 hoc
1257 5265 1460 5335 argumentum
1475 5260 1666 5333 dimittamus,
1682 5260 1804 5318 aliarum

978 5329 1065 5387 etiam
1078 5276 1269 5388 §eclesiarum
1284 5332 1338 5389 hac
1353 5334 1388 5391 de
1402 5350 1433 5392 re
1447 5332 1620 5391 sententiam
1635 5332 1806 5405 investigare

974 5403 1068 5474 juvat,
1081 5401 1208 5459 maxime
1228 5403 1395 5461 Latinarum
1407 5424 1413 5471 ;
1424 5422 1488 5476 quae
1499 5421 1564 5461 cum
1580 5406 1743 5461 Romanurn
1757 5402 1807 5456 Or·

978 5472 1076 5529 dinem
1087 5490 1184 5531 ornnes
1199 5479 1249 5531 aut
1264 5479 1368 5533 secutae
1383 5476 1450 5543 slat,
1465 5481 1514 5532 aut
1528 5493 1586 5547 pree
1600 5469 1688 5532 oculis
1701 5472 1806 5528 habue-

979 5543 1047 5611 rint,
1064 5560 1121 5601 non
1136 5545 1243 5602 mirum
1258 5548 1282 5603 si
1296 5547 1325 5603 ia
1340 5546 1433 5604 verbis
1455 5548 1582 5604 obscuris
1606 5550 1715 5602 veteres
1743 5542 1805 5627 ejus

980 5616 1156 5688 expositores
1170 5616 1351 5675 amalarium
1366 5623 1395 5674 et
1407 5612 1593 5690 Mierolegum
1609 5615 1804 5696 approbarint.

981 5687 1078 5761 Neque
1093 5692 1190 5746 tamen
1206 5688 1418 5746 itaeoncorset
1431 5687 1577 5745 unanimis
1604 5685 1667 5750 tuit,
1693 5690 1742 5743 aut
1765 5690 1806 5741 ita

978 5764 1114 5817 constans
1126 5760 1258 5818 omnium
1271 5759 1449 5834 approbatio,
1464 5762 1496 5814 at
1509 5758 1545 5814 ab
1560 5756 1707 5818 Amatorii
1729 5756 1805 5814 etni-

977 5831 1084 5905 erologi
1096 5829 1273 5903 expositione
1291 5830 1437 5889 noannDss
1455 5828 1588 5887 Ecclesiae
1612 5829 1804 5889 recedendum
