4052 6186
97 247 157 314 808

764 248 872 315 tisun
892 200 1145 319 responsatis.

1746 230 1806 327 eoa

91 383 207 443 terium
220 383 317 467 populi
327 383 386 441 Dei.
396 383 476 440 Paul.
489 383 604 441 diserte.
617 381 692 441 Vera.
703 384 922 457 Stetitangelus.
939 388 964 448 Α
978 384 1069 440 victor
1083 383 1112 438 in
1127 382 1206 439 coelis
1220 382 1336 449 exstitit,
1352 389 1381 441 ct
1392 386 1440 444 ille
1456 389 1547 449 hostis
1567 393 1699 465 antiquus
1711 397 1806 467 patuit

129 456 311 528 Respoiisorro
325 456 395 511 ιιιιε
405 471 503 539 supra

129 528 212 599 Resp.
230 527 349 583 Factum
362 532 406 582 est
419 526 565 582 silentium
582 526 610 581 in
626 526 706 594 caelo,
718 543 782 583 cnm
794 528 925 584 commit·

92 603 168 655 teret
183 599 292 654 bellum
305 600 392 655 diaco
407 615 474 654 cum
490 598 608 653 hlichael
622 598 794 668 archangelo
808 616 815 665 ;
830 604 859 655 ει
872 616 923 654 au·

90 670 156 726 dita
169 676 214 725 est
230 687 282 725 roi
294 670 385 726 millia
399 669 523 724 millium
538 670 692 724 dicentium
707 670 817 736 :Salus
832 670 925 725 honor

90 746 121 797 et
133 740 226 797 virtus
240 741 431 813 omnipotenti
445 742 513 798 lleo.
538 742 609 796 Vera.
626 740 713 796 llillia
727 741 849 796 millium
873 741 924 796 mi·

89 812 258 868 nistrabant
276 812 313 878 ei,
324 818 353 868 et
362 813 455 868 decies
464 812 567 867 millies
578 818 698 867 centena
712 811 801 867 millia
812 813 924 868 assiste-

90 884 220 941 baulei.
248 886 324 940 lieri».
344 884 427 940 Stetit
445 884 564 955 angelus
592 899 677 953 snper
703 900 785 939 aram
811 883 921 954 templi,

90 955 208 1010 habens
222 955 398 1010 thuribulum
415 971 533 1010 aureum
557 955 585 1009 in
604 972 691 1009 manu
715 972 777 1019 sua,
803 960 831 1009 et
854 958 922 1010 data

88 1032 163 1082 sunl
174 1026 200 1082 ei
216 1025 334 1082 incensa
345 1026 448 1091 multa,
462 1032 491 1082 ει
503 1025 631 1081 ascendit
646 1025 742 1080 lunius
757 1030 922 1081 aromatum

88 1098 122 1153 in
133 1103 290 1166 conspectu
304 1097 429 1162 Domini,
440 1100 475 1153 de
493 1113 580 1151 mauu
593 1096 698 1167 angeli.
716 1098 788 1152 Vera.
806 1098 835 1152 ln
855 1113 921 1151 con·

87 1172 194 1240 spectu
209 1168 378 1241 angelorum
397 1168 517 1240 psallam
529 1167 589 1232 tibi,
601 1169 772 1223 adoraboad
783 1168 922 1238 templum

87 1245 230 1295 sanctum
245 1245 338 1306 tuum,
350 1244 379 1296 at
392 1239 549 1295 confitebor
574 1238 684 1294 nomini
698 1244 760 1295 tuo.
780 1240 814 1293 Et
825 1255 922 1295 ascen·

87 1311 145 1366 dit.
165 1313 242 1383 ltesp.
263 1312 292 1366 ln
308 1318 461 1381 conspectu
474 1310 642 1381 angelorum
667 1310 756 1366 nolite
771 1315 920 1376 melnere3

86 1398 144 1437 ros
156 1381 237 1438 enim
253 1382 281 1437 in
295 1382 426 1438 cordibus
453 1383 554 1437 vestris
569 1383 688 1437 adorate
712 1386 741 1437 ει
756 1381 855 1436 timete
870 1382 923 1435 Do-

88 1452 207 1508 minum
229 1454 369 1525 ;angelus
394 1451 471 1509 anim
499 1453 561 1525 ejus
584 1452 730 1508 vobiscum
758 1456 813 1508 εει.
839 1454 916 1508 Vera.

89 1524 180 1580 Stetit
192 1525 313 1597 angelus
324 1524 613 1596 juxtaaramteinpli,
625 1524 734 1580 habens
744 1523 921 1580 thuribulum

89 1613 215 1652 aureum
230 1595 259 1651 in
274 1613 363 1652 manu
378 1612 439 1651 sua.
452 1596 525 1667 llrsp.
539 1595 570 1650 ln
585 1599 737 1667 conspectu
751 1595 921 1667 angelorum

89 1667 215 1741 psallam
226 1668 286 1737 tibi,
300 1672 329 1723 et
341 1668 469 1722 adorabo
482 1667 519 1721 ad
530 1667 669 1738 ternplum
685 1679 814 1721 sanctum
829 1671 921 1733 tuum,

89 1743 118 1795 et
133 1739 296 1794 confitebor
309 1738 417 1793 nomini
432 1742 489 1793 tuo.
530 1739 607 1794 Veia.
638 1737 762 1810 Angelus
792 1738 840 1808 qui
869 1737 960 1812 luitg

979 455 1067 511 ruina
1078 471 1197 526 magnae.
1218 455 1292 511 Vera.
1312 455 1446 514 Gaudent
1471 463 1575 534 angeli.
1604 467 1749 523 exsultant
1763 486 1807 524 ar-

978 526 1122 596 changeli,
1136 527 1268 581 laetantur
1278 528 1379 592 sancti,
1392 535 1628 602 congratulanter
1647 545 1801 609 martyres.

980 598 1010 652 Et
1027 597 1086 652 ille.
1106 598 1184 668 neap.
1199 596 1249 651 llic
1261 603 1303 653 cst
1318 603 1485 680 prepositus
1510 608 1634 676 paradisi
1650 610 1807 681 archange-

978 668 1022 723 lus
1032 664 1163 723 hlichael.
1183 668 1245 722 Non
1255 669 1381 726 dimittat
1389 674 1511 734 animas.
1528 679 1806 753 donecussigneteas

978 739 1325 821 antatribunalCl'iristi.
1361 744 1437 801 Vere.
1467 746 1529 802 Vidi
1544 750 1679 821 angelum
1698 752 1760 825 llei,
1775 761 1806 809 ut

977 827 1075 881 supra.
1095 814 1157 867 hon
1173 811 1310 866 dimittat.

1121 899 1283 970 Aritipltonas
1298 901 1329 955 in
1345 904 1491 959 matutinis
1509 907 1660 965 Laudibus.

1011 988 1129 1059 Antipli.
1146 988 1219 1070 Dum
1233 990 1805 1071 praeliareturhlichaelarchangeluscum

976 1060 1101 1114 dracone
1116 1064 1245 1129 antiquo,
1262 1061 1340 1116 dedit
1354 1063 1379 1118 ei
1398 1066 1690 1126 llominusvictoriam
1703 1077 1806 1146 sempi-

978 1132 1101 1211 ternam.
1116 1131 1183 1187 Aret.
1200 1131 1270 1186 Cum
1299 1135 1494 1193 committeret
1519 1140 1625 1197 bellurn
1640 1144 1725 1200 draco
1739 1163 1804 1202 cum

976 1201 1094 1282 hlichael
1111 1201 1293 1272 archangelo,
1321 1206 1420 1261 audita
1433 1214 1473 1262 est
1490 1226 1544 1265 uox
1573 1213 1664 1269 millia
1680 1216 1802 1273 millium

976 1272 1133 1328 dicentium
1151 1290 1157 1327 :
1174 1273 1256 1328 Salus
1273 1274 1328 1330 Deo
1343 1282 1451 1334 nostro.
1471 1282 1543 1338 Aut.
1563 1285 1741 1358 archangele
1756 1288 1806 1344 hli-

975 1342 1214 1424 chaelconstitui
1239 1348 1264 1399 la
1280 1346 1436 1414 principem
1457 1368 1541 1433 super
1571 1371 1671 1412 omnes
1691 1359 1804 1416 animas

977 1412 1181 1496 suscipiendas.
1194 1416 1262 1469 rint.
1275 1418 1374 1489 hngeli
1384 1420 1507 1487 Domini,
1525 1425 1679 1482 Dominum
1689 1429 1803 1486 benedi·

975 1488 1029 1540 cite
1044 1502 1073 1540 m
1089 1490 1238 1541 salernum.
1255 1487 1324 1541 rint.
1343 1491 1453 1562 augeli,
1467 1494 1642 1568 archangeli,
1658 1499 1764 1565 throni,
1776 1506 1805 1557 et

976 1555 1199 1619 dominationes,
1213 1557 1390 1640 principatus
1405 1566 1434 1617 ει
1447 1570 1611 1633 potestates,
1625 1570 1804 1627 virtutescoe-

976 1627 1082 1693 lorum,
1097 1628 1212 1683 laudale
1227 1628 1378 1685 Doinmum
1390 1633 1425 1689 de
1441 1635 1528 1701 coells,
1540 1637 1666 1695 alleluia.

1281 1720 1315 1774 Ia
1335 1720 1495 1793 Evangelio.

89 1827 158 1866 eum
175 1811 274 1872 Jacob,
291 1809 402 1881 ipscsic
417 1824 530 1865 mecum
550 1808 579 1864 in
600 1814 673 1864 terra
692 1808 923 1881 perigrinationis
1012 1804 1131 1874 ilaliph.
1149 1806 1266 1860 Factum
1280 1812 1322 1861 est
1334 1808 1480 1866 silentium
1500 1811 1528 1866 in
1540 1815 1622 1873 coelo.
1634 1818 1702 1873 dnm
1716 1820 1803 1877 draco

89 1898 173 1937 meaa.
193 1882 228 1936 Et
237 1879 381 1937 benedixit
392 1880 452 1935 vias
463 1896 543 1935 meas
553 1880 626 1935 bam
636 1897 724 1936 meus.
740 1881 774 1934 Et
785 1881 921 1935 adorabo.

345 1969 380 2024 la
395 1970 511 2025 serundo
528 1977 670 2025 nocturno.

104 2060 250 2141 'Antiph
267 2058 386 2114 hlichael
397 2058 563 2141 praepositus
583 2057 718 2130 paradisi,
732 2075 817 2141 quem
835 2059 923 2117 hono·

87 2132 185 2187 riticat
199 2132 368 2202 angelorum
380 2147 460 2185 eills.
475 2131 548 2184 Psel.
561 2132 678 2201 Magnus
692 2130 841 2186 Dominus,
854 2134 922 2187 Aut.

87 2203 243 2259 Gloriosus
256 2201 414 2274 apparuisti
430 2201 459 2255 iii
473 2207 624 2272 conspectu
636 2201 746 2256 ltoniini
756 2221 763 2271 3
773 2207 924 2273 propterea

88 2275 229 2331 decorem
247 2273 340 2328 induit
353 2277 381 2329 te
391 2273 538 2327 Dominus.
549 2273 623 2327 Paul.
637 2274 674 2327 Τε
687 2273 768 2327 decet
784 2276 920 2344 Hymnus.

85 2349 162 2402 Aut.
189 2345 315 2415 Angelus
339 2345 528 2416 archangelus
553 2343 672 2398 hlichael
692 2342 741 2398 Dei
758 2345 875 2400 nuntius
887 2348 923 2403 de

87 2417 248 2472 animabus
260 2415 357 2488 Justis,
373 2415 452 2470 allel.
480 2414 558 2471 Paul.
587 2416 679 2481 Quam
705 2414 819 2471 dilecta.
843 2418 917 2474 Vera.

86 2488 230 2544 Ascendit
244 2488 341 2542 luanus
355 2490 529 2542 aromatum.

123 2559 314 2630 Respoasorio
328 2558 400 2612 unde
417 2574 514 2627 supra.

125 2631 208 2701 nep.
225 2628 276 2684 llic
288 2634 332 2711 est
341 2626 462 2685 hlichael
473 2629 662 2700 archangelus
697 2628 922 2700 rincepsmilitiee

88 2646 920 2826 angelornm,cudushonorpraestatbenetlciapopulorum

89 2773 421 2970 ξὲεἳιτιῗῗὲςὲιῗιιιιιῳι
431 2843 618 2925 supralata.
627 2842 920 2915 Angeli,archangeli,

89 2918 483 3043 tatttthtelt'lltt
501 2920 922 3057 llll:llllaltttltitltt

90 3075 158 3114 cnm
171 3057 358 3113 multitudine
372 3002 469 3126 angelJ

91 3147 155 3185 nias
170 3135 340 3185 sanctorum
354 3133 386 3183 ut
404 3128 598 3208 perducateas
613 3127 641 3182 in
656 3127 819 3198 paradisum
830 3131 920 3184 exsul·
937 3117 959 3178 C

89 3202 223 3257 talionis.
251 3200 316 3255 Vers
348 3200 463 3259 Emitte.
493 3198 624 3262 Domine,
642 3199 920 3270 spiritnmtuumde

89 3272 181 3339 omlis,
193 3270 327 3343 spiritum
343 3270 492 3341 sapientire
518 3269 609 3341 826
635 3276 664 3325 et
692 3269 865 3328 intellectus.
885 3273 921 3328 Ut

90 3345 243 3415 perducat.
262 3343 348 3412 Rerp.
367 3342 488 3397 Locutus
504 3348 547 3395 est
562 3344 597 3395 ad
614 3358 659 3397 me
675 3357 758 3403 unus.
775 3350 805 3396 ut
818 3359 915 3412 supro.

98 3417 173 3497 Vens.
192 3415 253 3486 Ego
269 3412 421 3484 diligentes
431 3428 477 3469 mc
493 3411 591 3483 diligo,
606 3416 635 3467 et
659 3412 707 3483 qui
722 3430 807 3469 mane
820 3414 920 3485 vigila·

89 3491 192 3543 'enm'
360 3555 395 3610 Io
408 3555 488 3610 terlio
502 3560 649 3610 nocturno,

122 3644 243 3716 Antiph.
261 3645 437 3699 Concessum
450 3646 493 3698 est
507 3659 598 3713 mare,
613 3643 919 3712 etconlremnitterra,

89 3717 136 3772 nbi
154 3714 348 3785 archangelus
363 3714 482 3770 hlichael
492 3715 682 3770 descendebat
697 3716 732 3770 de
742 3715 827 3771 coelo.
842 3716 919 3774 Psul.

88 3789 304 3844 Fundamenta.
316 3787 383 3841 Ant.
399 3786 561 3841 Laudemus
589 3785 743 3840 Dominum
764 3803 847 3857 quem
863 3788 921 3843 lau·

88 3862 159 3915 dant
174 3857 282 3930 angeli,
296 3874 382 3928 quein
397 3856 546 3912 cherubim
561 3861 588 3913 el
602 3856 747 3927 seraphim
763 3875 770 3923 ;
786 3858 918 3925 Sanctus,

88 3933 224 3997 Sanetus,
245 3930 367 3983 Sanctus
378 3928 568 3999 proclamant.
589 3928 662 3983 Paul,
675 3929 794 3984 Caritate
808 3931 831 3983 l.
844 3933 913 3987 Ant.

86 4002 159 4058 Data
173 4005 245 4057 sunt
259 3999 284 4055 ei
299 3999 415 4055 incensa
430 3999 532 4062 mulla,
553 4004 584 4054 ut
599 3999 726 4055 adoleret
739 4018 772 4056 ea
799 4006 865 4057 ante
879 4002 919 4057 al·

85 4079 147 4129 tare
163 4088 300 4138 aureum,
315 4072 391 4141 quod
409 4074 452 4125 est
465 4075 532 4125 ante
558 4071 657 4126 oculos
686 4071 810 4126 Domini.
836 4072 912 4128 Psal.

84 4144 222 4207 Benedic‚
242 4143 354 4198 anima.
382 4144 456 4199 Vera.
481 4141 625 4198 Gloriosus
640 4143 797 4213 apparuisti
808 4142 837 4198 ia
852 4160 918 4200 con-

84 4222 185 4289 spectu
203 4213 328 4269 Domini.

113 4286 304 4359 Responsoriu
318 4283 390 4341 ιιιιιε
402 4300 500 4355 supro.

331 2771 387 2826 ucit
399 2771 436 2826 ad
451 2787 540 2844 regna
555 2771 702 2827 caelorum.
721 2773 798 2827 Vers.
815 2771 844 2827 ln
857 2789 923 2828 con-

977 1876 1172 1930 commilteret
1187 1876 1303 1945 bellurn,
1318 1884 1345 1933 et
1361 1880 1478 1937 hlichael
1496 1888 1632 1956 pugnavit
1647 1905 1711 1944 cum
1723 1897 1804 1949 eoet

980 1947 1047 2001 lecit
1062 1946 1219 2007 uictoriam,
1236 1948 1312 2003 allel.
1327 1950 1395 2005 Aut.
1420 1953 1551 2020 hlichael,
1568 1957 1691 2029 Gabriel,
1706 1963 1806 2018 cheru-

977 2016 1047 2098 bim.
1062 2022 1091 2071 et
1109 2019 1262 2088 seraphim,
1277 2019 1324 2089 qui
1337 2037 1393 2076 non
1407 2032 1519 2080 cassant
1530 2027 1656 2085 clamare
1665 2034 1802 2112 quotidie:

980 2092 1087 2159 [lignus
1099 2105 1140 2155 es,
1157 2089 1283 2153 llomiue,
1296 2092 1423 2163 accipere
1460 2095 1573 2163 loriam,
1586 2100 1709 2158 alleluia.
1725 2106 1799 2164 rint.

979 2159 1079 2231 angeli
1093 2165 1231 2241 etotmnes
1244 2161 1373 2243 virtut-es,
1384 2112 1498 2223 laudate
1509 2170 1805 2233 lloniinum.Airl.Hic

978 2235 1021 2286 est
1034 2236 1201 2312 prepositus
1211 2234 1335 2303 paradisi
1349 2236 1539 2309 archangelus
1551 2240 1681 2299 hlichael.
1691 2247 1754 2301 Non
1764 2248 1805 2304 di·

978 2302 1802 2377 mittitanimas,donecassigneteasanletribunalChristi.

1014 2373 1104 2444 (Deest
1115 2374 1190 2429 linea
1203 2374 1233 2429 in
1248 2374 1318 2443 llis.)

1011 2444 1130 2513 Antiplr.
1149 2445 1246 2501 iustus
1261 2450 1292 2501 ut
1305 2448 1403 2519 palma
1415 2449 1538 2509 florebit.
1555 2453 1685 2513 Prasulis
1696 2461 1804 2518 sumini

977 2531 1011 2570 ac
1026 2515 1148 2570 doctoris
1164 2517 1282 2599 egregii.

1009 2587 1101 2727 {liceat
1111 2588 1214 2657 pugion
1230 2596 1337 2659 integra
1352 2591 1382 2645 ia
1396 2592 1613 2669 Manuaria'pto.)

976 2656 1005 2728 0
1038 2658 1320 2729 7Doetorerimins
1343 2664 1520 2731 Atrebatum,
1537 2669 1688 2736 Vedastus,
1715 2675 1802 2732 sacris

977 2729 1126 2811 praeconiis
1139 2730 1314 2798 celebretur;
1331 2738 1361 2787 ut
1374 2736 1481 2804 quasin
1494 2753 1580 2794 earne
1594 2743 1698 2809 verbis,
1708 2762 1802 2801 erem-

977 2799 1030 2871 plis
1043 2801 1187 2865 instruxit,
1202 2802 1316 2858 sedulus
1331 2820 1381 2873 pro
1396 2806 1436 2861 eis
1460 2809 1496 2862 ad
1512 2810 1666 2867 [lominum
1680 2814 1800 2873 interce·

977 2871 1037 2925 dat.
1052 2873 1094 2925 Ne
1106 2872 1189 2942 lupus
1202 2872 1340 2929 insidians
1355 2892 1422 2932 ores
1430 2879 1533 2934 Christi
1543 2881 1689 2940 incursare
1696 2904 1800 2957 praesa·
1892 2910 1897 2917 ·

977 2947 1048 2997 mat.
1066 2944 1143 2999 Vere.
1155 2944 1189 2999 Ul
1201 2961 1272 3014 quos
1287 2946 1407 3016 spiritali
1418 2950 1511 3005 studio
1520 2952 1697 3013 informarit.
1708 2960 1800 3016 moni·

457 3072 551 3121 orum,
572 3057 615 3110 cui
640 3056 923 3112 tradidimeusani-
977 3013 1013 3067 lis
1032 3013 1224 3069 acmlraeulis
1248 3017 1400 3073 animarit.
1431 3019 1564 3079 Sedulus.
1586 3027 1666 3097 Hesp⁸
1693 3029 1801 3086 Hicegt

978 3085 1115 3141 vedastus
1134 3087 1323 3143 Aulesoorum
1352 3090 1482 3147 sensibus
1505 3093 1596 3166 [lhrte
1610 3098 1800 3158 Aulercorum

974 3156 1114 3238 sentibus]
1128 3163 1216 3223 ortus,
1231 3175 1312 3228 quem
1330 3159 1409 3216 lama
1430 3163 1569 3221 celebrior
1592 3170 1708 3225 verbum
1725 3190 1799 3243 praa-

974 3228 1133 3283 dicatorum
1149 3230 1311 3286 ⁸Ludovico
1329 3233 1408 3302 regni
1424 3236 1533 3290 socium
1559 3238 1669 3296 itineris
1683 3244 1795 3303 ascivit.

980 3299 1055 3354 Vera.
1070 3302 1215 3381 Quatenus
1231 3318 1281 3371 per
1295 3301 1422 3373 singulos
1434 3305 1543 3363 itineris
1563 3311 1606 3365 sui
1623 3328 1735 3383 gressus
1754 3332 1801 3371 aa·

974 3368 1136 3424 luber-rimis
1149 3372 1184 3425 ab
1197 3389 1230 3426 eo
1246 3372 1422 3429 imbueretur
1437 3377 1584 3434 doctrinis.
1599 3383 1689 3447 Quem
1703 3387 1795 3444 fama.

973 3441 1055 3511 Hesp.
1071 3440 1210 3497 Vedastus
1230 3442 1509 3513 igitnrlestinantem
1520 3453 1556 3505 ad
1566 3451 1744 3512 ritaelontem
1754 3459 1801 3515 da-

975 3511 1098 3566 ducebat
1110 3529 1221 3582 regern.
1237 3515 1381 3585 Remigius
1391 3518 1518 3587 pontifex
1533 3522 1800 3585 venientemablne·

976 3583 1032 3637 bat.
1056 3583 1129 3637 l'ers.
1145 3585 1236 3638 Ambo
1247 3601 1319 3654 pene
1333 3589 1393 3656 pari
1403 3588 1508 3658 pietate
1521 3609 1614 3662 pares,
1643 3598 1693 3651 sed
1708 3600 1799 3655 Veda·

974 3653 1160 3735 stusinonita
1188 3655 1287 3710 salutis
1302 3657 1400 3712 dabat.
1432 3661 1591 3730 Remigius.
1625 3666 1701 3738 lirsp.
1724 3670 1797 3726 Dum

974 3741 1042 3795 ergo
1055 3728 1108 3779 iter
1121 3731 1238 3793 caperet
1252 3743 1316 3781 euin
1331 3744 1485 3799 regesacer
1495 3734 1644 3803 vedastus,
1660 3754 1712 3794 nec
1722 3756 1799 3796 mor-

975 3796 1031 3850 tale
1046 3812 1153 3851 sonans
1165 3796 1292 3852 coelestia
1307 3805 1503 3872 pertractaret,
1515 3810 1544 3859 et
1554 3809 1712 3864 occurrenti
1723 3827 1796 3868 eaeco

973 3866 1070 3922 lumen
1083 3867 1214 3933 restituit,
1227 3874 1253 3924 el
1263 3886 1311 3923 cor
1320 3870 1455 3942 principis
1465 3874 1493 3929 in
1503 3875 1559 3932 fide
1567 3878 1709 3936 solidavit.
1721 3883 1794 3939 Vera.

973 3938 1067 3994 Sensit
1079 3938 1175 4010 itaque
1188 3938 1230 3994 vir
1244 3940 1293 3996 Dei
1309 3941 1442 3999 virtutem
1452 3945 1503 4000 sibi
1520 3950 1619 4005 adesse
1629 3967 1795 4025 supernam,
1882 3942 1887 3953 ⁸

972 4015 1001 4064 et
1016 4014 1106 4064 tolum
1121 4026 1151 4065 se
1167 4010 1194 4064 in
1210 4027 1306 4066 sacras
1320 4014 1419 4069 alludit
1434 4032 1542 4085 preces.
1570 4021 1603 4075 lit
1620 4026 1792 4084 occurrenti.

971 4080 1048 4162 lieni.
1060 4081 1112 4145 Qui
1128 4082 1163 4137 de
1171 4098 1247 4164 ,rupe
1262 4084 1343 4138 arida
1353 4083 1461 4141 sitienti
1471 4105 1507 4158 po
1529 4090 1575 4145 ulo
1594 4092 1701 4149 iontem
1717 4113 1797 4168 aquea

971 4168 1042 4207 vivae
1057 4153 1201 4232 produxit,
1215 4170 1274 4224 ipse
1290 4172 1340 4226 per
1363 4157 1479 4213 beatum
1505 4107 1660 4219 ledanum
1675 4167 1710 4222 de
1723 4167 1797 4225 sicco

971 4239 1038 4279 vase
1052 4239 1151 4278 vinum
1168 4241 1287 4280 manare
1301 4228 1449 4294 concessit,
1467 4246 1500 4286 ae
1514 4249 1580 4289 suos
1591 4237 1692 4305 poculo
1713 4239 1799 4295 mira·

972 4294 1021 4348 bili
1035 4294 1160 4350 satiavit.
1182 4296 1253 4350 Vera.
1266 4296 1335 4352 Cum
1353 4300 1454 4369 pocula
1470 4302 1535 4359 ritae
1553 4305 1596 4361 ιιι·
1612 4307 1725 4364 Domini
1740 4311 1798 4366 cni-

114 4363 202 4430 Recp,
214 4356 321 4439 audiri
333 4373 432 4411 vocem
448 4357 476 4438 in
487 4354 558 4411 coelo
575 4354 755 4426 angelorum,
770 4364 800 4412 ut
812 4374 915 4441 supra.
971 4366 1038 4420 dam
1054 4365 1219 4437 propinaret
1242 4371 1345 4433 amico,
1361 4370 1409 4441 qui
1426 4388 1455 4427 ιιι
1471 4371 1550 4430 Cana
1579 4376 1693 4435 Galilein
1708 4397 1798 4453 aquas

87 4432 166 4487 Vm,
185 4429 253 4485 Vidi
263 4426 398 4500 angelum
416 4430 463 4483 liei
479 4426 594 4482 fortem.
608 4432 685 4498 ltesp.
703 4429 834 4484 Ostendit
844 4430 915 4484 inibi
971 4436 1111 4492 convertit
1133 4437 1162 4491 in
1180 4437 1377 4567 irinumblpse
1393 4460 1443 4512 per
1469 4445 1596 4521 beatum]
1627 4452 1799 4520 praedicator

81 4499 667 4584 angelus.Reap.Docebatquaerentum
696 4506 771 4581 sunt.
795 4501 835 4582 lle
857 4502 916 4557 uirc
971 4507 1099 4581 egregius
1114 4508 1157 4562 vir
1169 4510 1281 4564 Domini
1321 4514 1436 4569 edastus
1448 4516 1507 4570 urbi
1524 4520 1693 4578 Atrebatum
1710 4524 1797 4580 desti·

81 4591 107 4631 ιη
124 4571 291 4647 prophetis.
313 4570 385 4626 Vera.
402 4570 460 4640 Ego
474 4586 538 4624 sum
554 4568 673 4652 angelus
699 4570 747 4626 ille
762 4588 842 4642 quio
867 4588 916 4628 ero
972 4584 1066 4640 natus,
1080 4578 1108 4635 in
1125 4579 1187 4650 ipsa
1210 4582 1288 4637 urbis
1315 4588 1397 4653 porta
1412 4586 1483 4641 duos
1507 4604 1525 4643 a
1549 4590 1631 4648 clade
1660 4595 1797 4651 relevavit

82 4644 242 4702 Orationes
257 4645 375 4697 vestras.
392 4641 469 4712 Resp.
481 4640 616 4711 Nunquid
630 4657 684 4697 scis
695 4659 785 4767 (lum
797 4658 856 4699 non
871 4659 917 4700 ve·
970 4656 1090 4722 aegrotos
1103 4669 1111 4721 ;
1127 4667 1208 4719 nam,
1223 4659 1251 4708 et
1278 4653 1381 4709 claudo
1397 4673 1527 4727 gressum
1563 4666 1592 4716 et
1610 4679 1681 4721 cneo
1697 4666 1797 4723 lumen

80 4718 184 4800 ierint
204 4714 242 4770 ad
262 4717 290 4768 te
302 4713 317 4767 t
331 4713 411 4768 Nunc
441 4716 568 4793 revertar
596 4718 626 4767 ut
651 4729 706 4783 prae
719 4712 761 4795 ier
780 4715 916 4797 adversus
970 4722 1096 4777 reddidit
1108 4722 1264 4778 oculorum.
1283 4725 1352 4781 Vera.
1369 4702 1537 4800 Antequam,
1556 4734 1648 4791 verbis
1673 4737 1794 4808 plueret,

81 4801 247 4861 principem
260 4785 412 4867 Persarum
441 4784 683 4866 contradicentem
705 4788 760 4840 turs
775 4789 914 4870 precibus,
972 4793 1117 4848 miraculis
1131 4799 1303 4860 coruscaret,
1344 4796 1372 4851 ui
1387 4801 1502 4856 caducis
1517 4806 1642 4871 carebat,
1674 4825 1796 4866 munera

83 4865 113 4915 et
129 4874 199 4914 mea
216 4856 368 4927 legationis
380 4856 460 4937 [mera
474 4854 632 4926 legationi].
650 4856 855 4937 Verumtamen
868 4859 916 4913 ιιι·
971 4869 1014 4919 εει
1027 4880 1152 4934 superna
1167 4864 1296 4935 largitus.
1336 4885 1385 4922 am
1408 4875 1437 4925 et
1451 4872 1565 4932 claudo.
1578 4877 1648 4950 liesp
1673 4881 1732 4935 Mos
1748 4879 1795 4936 nbi

85 4930 168 4987 chael
185 4928 376 5000 archangelus
387 4942 518 4999 princeps
530 4933 632 4982 uester.
644 4928 765 5005 ddjutor
784 4945 865 4984 mens
879 4929 917 4985 ad
991 4936 1117 4989 nondam
1126 4935 1219 4990 luerat
1232 4936 1415 5006 terarum,ibi
1426 4943 1796 5012 poniiieisummusbeatus

85 5001 246 5058 Dominum
262 5000 351 5081 Deum
368 5003 462 5055 tuum.
488 4998 737 5080 Vei-abenedicite
750 4999 914 5081 Dominum,
970 4952 1236 5083 dedastusehorum
1254 5007 1462 5069 lecitresonare
1475 5018 1669 5085 psallentium.
1688 5022 1797 5079 liamet

85 5090 189 5129 omnes
205 5069 300 5141 angeli
314 5086 386 5152 epus,
403 5073 533 5140 potentes
544 5072 662 5124 virtutes
676 5068 806 5151 [virtute]
818 5071 916 5141 quala·
970 5094 1026 5132 ursi
1041 5094 1155 5149 specum
1172 5077 1199 5132 in
1209 5079 1304 5134 aulam
1316 5081 1399 5137 vertit
1409 5100 1565 5143 sacrorum.
1590 5092 1662 5147 Vera.
1681 5093 1796 5149 Utsicut

85 5144 148 5200 citis
168 5144 290 5198 verbum
307 5158 379 5213 ejus.
394 5143 473 5211 Reap,
491 5141 521 5195 ln
535 5144 663 5210 tempore
679 5140 728 5195 illo
741 5158 915 5222 consurgens
970 5164 1064 5203 mores
1076 5148 1208 5204 bestiales
1221 5150 1308 5205 inusu
1322 5155 1443 5210 mutavit
1453 5174 1604 5229 agnorum,
1615 5162 1654 5218 ita
1667 5180 1701 5219 ex
1711 5165 1795 5222 hedis

84 5212 266 5342 ἓωῃωιςει]
280 5212 402 5295 ιιιιιιιιειΙ
423 5212 551 5283 princeps
576 5216 679 5276 vester,
705 5228 752 5283 qui
779 5216 836 5291 stat
865 5231 914 5283 pro
970 5224 998 5274 et
1013 5219 1139 5289 turpibus
1151 5221 1267 5290 pulchra
1281 5223 1403 5280 reddidit
1418 5232 1446 5281 et
1456 5228 1586 5287 honesta.
1598 5238 1668 5289 bam
1684 5241 1712 5290 et
1725 5236 1793 5291 uisi.

104 5288 151 5343 1113
166 5290 283 5351 vestris,
299 5288 328 5340 et
339 5289 434 5339 veniet
449 5289 561 5355 teinpus
576 5282 659 5354 quale
674 5298 732 5337 non
754 5281 817 5349 luit,
834 5300 868 5339 ex
881 5302 914 5340 eo
969 5292 1050 5361 Resp.
1067 5290 1205 5346 {nvitatus
1221 5292 1256 5346 ad
1271 5295 1423 5364 prandium
1440 5306 1555 5357 sanctus
1583 5305 1633 5360 llei
1648 5309 1783 5362 sacerdos

84 5374 188 5430 eiquo
201 5358 303 5428 gentes
317 5360 552 5436 essetcoeperunt,
567 5356 699 5424 usquead
713 5354 912 5439 tempusillud.
969 5360 1072 5417 Christi
1089 5362 1251 5432 exemplum
1268 5371 1392 5431 secutus,
1420 5387 1568 5428 assensum
1599 5349 1794 5445 praeberenorl

89 5431 164 5486 pm·
187 5430 219 5484 111
235 5434 367 5497 tempore
379 5426 428 5480 illo
444 5427 602 5482 salvabitur
614 5425 734 5496 populus
746 5430 914 5483 luusomnis
968 5433 1078 5495 abnuit,
1095 5438 1127 5488 ul
1143 5436 1257 5490 verbum
1271 5437 1335 5494 ritae
1347 5441 1532 5499 convivarum
1544 5447 1676 5501 cordibus
1686 5446 1793 5502 artium

83 5502 285 5626 Julim'fflm
304 5498 390 5554 luerit
403 5497 431 5579 in
444 5497 517 5553 libro
528 5497 601 5578 ritae.
615 5498 648 5578 lit
662 5496 860 5580 reniot3llesp.
873 5500 915 5553 Fi·
969 5502 1065 5628 {Forte
1080 5503 1177 5576 altius]
1193 5505 1366 5577 infunderet,
1383 5518 1412 5566 ct
1438 5513 1601 5570 (ιεειιιοιιιιιιι
1628 5522 1794 5574 commenta

102 5574 153 5630 elis
173 5586 273 5629 sermo
292 5574 321 5652 (32
337 5585 416 5625 0111111
429 5574 593 5651 ιιῦθρϋῠιθ
606 5569 719 5640 diguus·
738 5569 858 5651 hlichael
867 5587 914 5652 Ι111·
981 5579 1091 5658 agaret.
1110 5577 1313 5659 VeraExtenta
1325 5585 1792 5659 namquedexteracrucissignnrn

84 5643 244 5719 changelus
256 5658 306 5713 qur
321 5644 459 5714 pugnavit
470 5656 536 5696 cum
545 5639 660 5696 diabolo
679 5643 794 5712 ;grat1a
808 5642 914 5699 Deiilia
966 5663 1042 5703 rasis
1057 5652 1212 5719 impressit,
1226 5649 1329 5723 lugens
1342 5652 1452 5710 larvam
1460 5672 1493 5712 ει
1506 5656 1617 5729 liquore
1624 5658 1697 5725 suso,
1705 5659 1793 5723 mira.

118 5818 305 5885 'Ludovious
315 5817 340 5876 ia
355 5823 398 5878 est
416 5816 578 5878 clodoveus
587 5817 692 5897 primus
704 5835 801 5895 regum
814 5819 981 5885 Francorum
999 5823 1047 5903 qai
1062 5824 1173 5885 Christo
1186 5826 1315 5891 eredidit.
