<?xml version="1.0" encoding="UTF-8"?>
<!DOCTYPE html PUBLIC "-//W3C//DTD XHTML 1.0 Transitional//EN"
    "http://www.w3.org/TR/xhtml1/DTD/xhtml1-transitional.dtd">
<html xmlns="http://www.w3.org/1999/xhtml" xml:lang="en" lang="en">
 <head>
  <title>
</title>
<meta http-equiv="Content-Type" content="text/html;charset=utf-8" />
  <meta name='ocr-system' content='tesseract 3.04.00' />
  <meta name='ocr-capabilities' content='ocr_page ocr_carea ocr_par ocr_line ocrx_word'/>
</head>
<body>
  <div class='ocr_page' id='page_1' title='image "./patrologiaecurs218unkngoog/patrologiaecurs218unkngoog_0248.png"; bbox 0 0 4022 6174; ppageno 0'>
   <div class='ocr_carea' id='block_1_1' title="bbox 137 232 289 292">
    <p class='ocr_par' dir='ltr' id='par_1_1' title="bbox 137 232 289 292">
     <span class='ocr_line' id='line_1_1' title="bbox 137 232 289 292; baseline -0.02 0"><span class='ocrx_word' id='word_1_1' title='bbox 137 236 142 245; x_wconf 77' lang='grc'><em>“</em></span> <span class='ocrx_word' id='word_1_2' title='bbox 230 232 289 292; x_wconf 64' lang='grc'>487</span> 
     </span>
    </p>
   </div>
   <div class='ocr_carea' id='block_1_2' title="bbox 617 165 1693 289">
    <p class='ocr_par' dir='ltr' id='par_1_2' title="bbox 617 165 1693 289">
     <span class='ocr_line' id='line_1_2' title="bbox 617 165 1693 289; baseline 0.008 -9"><span class='ocrx_word' id='word_1_3' title='bbox 617 222 653 281; x_wconf 87' lang='grc' dir='ltr'>ΙΝ</span> <span class='ocrx_word' id='word_1_4' title='bbox 674 221 706 285; x_wconf 84' lang='lat' dir='ltr'>S.</span> <span class='ocrx_word' id='word_1_5' title='bbox 727 220 903 284; x_wconf 78' lang='lat' dir='ltr'>caecetur</span> <span class='ocrx_word' id='word_1_6' title='bbox 923 216 1059 282; x_wconf 79' lang='lat' dir='ltr'>LIBRUM</span> <span class='ocrx_word' id='word_1_7' title='bbox 1079 176 1403 289; x_wconf 68' lang='lat' dir='ltr'>eleutherionem</span> <span class='ocrx_word' id='word_1_8' title='bbox 1424 221 1543 288; x_wconf 65' lang='grc' dir='ltr'><strong>ΝΟΜ.</strong></span> <span class='ocrx_word' id='word_1_9' title='bbox 1604 165 1606 168; x_wconf 9' lang='grc' dir='ltr'><em>Α</em></span> <span class='ocrx_word' id='word_1_10' title='bbox 1690 238 1693 246; x_wconf 75' lang='grc'><em>“</em></span> 
     </span>
    </p>
   </div>
   <div class='ocr_carea' id='block_1_3' title="bbox 1854 236 1969 299">
    <p class='ocr_par' dir='ltr' id='par_1_3' title="bbox 1854 236 1969 299">
     <span class='ocr_line' id='line_1_3' title="bbox 1854 236 1969 299; baseline 0.009 -2"><span class='ocrx_word' id='word_1_11' title='bbox 1854 236 1903 299; x_wconf 83' lang='lat' dir='ltr'>lte</span> <span class='ocrx_word' id='word_1_12' title='bbox 1968 236 1969 251; x_wconf 60' lang='lat'>¹</span> 
     </span>
    </p>
   </div>
   <div class='ocr_carea' id='block_1_4' title="bbox 230 320 1969 478">
    <p class='ocr_par' dir='ltr' id='par_1_4' title="bbox 230 320 1969 478">
     <span class='ocr_line' id='line_1_4' title="bbox 230 320 1969 478; baseline 0.002 -62"><span class='ocrx_word' id='word_1_13' title='bbox 230 361 260 416; x_wconf 88' lang='lat' dir='ltr'>ll</span> <span class='ocrx_word' id='word_1_14' title='bbox 274 380 281 421; x_wconf 86' lang='lat'>:</span> <span class='ocrx_word' id='word_1_15' title='bbox 293 360 329 425; x_wconf 83' lang='lat' dir='ltr'>Et</span> <span class='ocrx_word' id='word_1_16' title='bbox 341 373 400 412; x_wconf 88' lang='lat' dir='ltr'>cum</span> <span class='ocrx_word' id='word_1_17' title='bbox 414 352 542 426; x_wconf 77' lang='lat' dir='ltr'>expedire</span> <span class='ocrx_word' id='word_1_18' title='bbox 554 369 609 408; x_wconf 87' lang='lat' dir='ltr'>nou</span> <span class='ocrx_word' id='word_1_19' title='bbox 625 352 752 410; x_wconf 80' lang='lat' dir='ltr'>uidentur</span> <span class='ocrx_word' id='word_1_20' title='bbox 771 320 899 410; x_wconf 73' lang='lat' dir='ltr'>Ecclesiae</span> <span class='ocrx_word' id='word_1_21' title='bbox 911 360 1054 478; x_wconf 51' lang='grc' dir='ltr'>σεῆσνσρο-</span> <span class='ocrx_word' id='word_1_22' title='bbox 1071 354 1094 414; x_wconf 78' lang='grc' dir='ltr'>Α</span> <span class='ocrx_word' id='word_1_23' title='bbox 1109 354 1234 421; x_wconf 83' lang='lat' dir='ltr'>lietoldi,</span> <span class='ocrx_word' id='word_1_24' title='bbox 1250 372 1303 415; x_wconf 88' lang='lat' dir='ltr'>uec</span> <span class='ocrx_word' id='word_1_25' title='bbox 1317 357 1347 414; x_wconf 92' lang='lat' dir='ltr'>in</span> <span class='ocrx_word' id='word_1_26' title='bbox 1362 357 1467 416; x_wconf 83' lang='lat' dir='ltr'>Ordine</span> <span class='ocrx_word' id='word_1_27' title='bbox 1492 359 1634 423; x_wconf 83' lang='lat' dir='ltr'>Romano,</span> <span class='ocrx_word' id='word_1_28' title='bbox 1658 373 1709 416; x_wconf 89' lang='lat' dir='ltr'>nec</span> <span class='ocrx_word' id='word_1_29' title='bbox 1726 359 1752 416; x_wconf 91' lang='lat' dir='ltr'>ia</span> <span class='ocrx_word' id='word_1_30' title='bbox 1766 362 1857 422; x_wconf 87' lang='lat' dir='ltr'>Codice</span> <span class='ocrx_word' id='word_1_31' title='bbox 1867 367 1906 423; x_wconf 85' lang='lat' dir='ltr'>&#39;li-</span> <span class='ocrx_word' id='word_1_32' title='bbox 1968 348 1969 389; x_wconf 67' lang='lat'><em>3</em></span> 
     </span>
    </p>
   </div>
   <div class='ocr_carea' id='block_1_5' title="bbox 179 424 1056 996">
    <p class='ocr_par' dir='ltr' id='par_1_5' title="bbox 179 424 1055 786">
     <span class='ocr_line' id='line_1_5' title="bbox 179 424 1055 487; baseline -0.01 0"><span class='ocrx_word' id='word_1_33' title='bbox 179 438 185 453; x_wconf 76' lang='lat'><strong>¹</strong></span> <span class='ocrx_word' id='word_1_34' title='bbox 227 432 276 487; x_wconf 88' lang='lat' dir='ltr'>siti</span> <span class='ocrx_word' id='word_1_35' title='bbox 291 445 383 485; x_wconf 88' lang='lat' dir='ltr'>eorum</span> <span class='ocrx_word' id='word_1_36' title='bbox 402 428 540 482; x_wconf 78' lang='lat' dir='ltr'>nutrientes</span> <span class='ocrx_word' id='word_1_37' title='bbox 553 424 588 478; x_wconf 91' lang='lat' dir='ltr'>ad</span> <span class='ocrx_word' id='word_1_38' title='bbox 602 425 759 481; x_wconf 82' lang='lat' dir='ltr'>cntbobeam</span> <span class='ocrx_word' id='word_1_39' title='bbox 770 429 926 481; x_wconf 79' lang='lat' dir='ltr'>societatem</span> <span class='ocrx_word' id='word_1_40' title='bbox 959 440 1055 479; x_wconf 86' lang='lat' dir='ltr'>oneres</span> 
     </span>
     <span class='ocr_line' id='line_1_6' title="bbox 229 496 1055 568; baseline -0.012 -10"><span class='ocrx_word' id='word_1_41' title='bbox 229 519 289 558; x_wconf 90' lang='lat' dir='ltr'>suos</span> <span class='ocrx_word' id='word_1_42' title='bbox 304 501 342 555; x_wconf 88' lang='lat' dir='ltr'>ibi</span> <span class='ocrx_word' id='word_1_43' title='bbox 356 514 411 554; x_wconf 80' lang='lat' dir='ltr'>nori</span> <span class='ocrx_word' id='word_1_44' title='bbox 425 496 632 559; x_wconf 78' lang='lat' dir='ltr'>administrent,</span> <span class='ocrx_word' id='word_1_45' title='bbox 649 514 705 553; x_wconf 88' lang='lat' dir='ltr'>non</span> <span class='ocrx_word' id='word_1_46' title='bbox 718 499 757 552; x_wconf 84' lang='lat' dir='ltr'>eis</span> <span class='ocrx_word' id='word_1_47' title='bbox 768 505 856 552; x_wconf 88' lang='lat' dir='ltr'>tamen</span> <span class='ocrx_word' id='word_1_48' title='bbox 870 498 929 568; x_wconf 85' lang='lat' dir='ltr'>ipsa</span> <span class='ocrx_word' id='word_1_49' title='bbox 941 496 1055 550; x_wconf 89' lang='lat' dir='ltr'>ordinu-</span> 
     </span>
     <span class='ocr_line' id='line_1_7' title="bbox 229 568 1053 638; baseline -0.011 -9"><span class='ocrx_word' id='word_1_50' title='bbox 229 573 315 629; x_wconf 87' lang='lat' dir='ltr'>tionis</span> <span class='ocrx_word' id='word_1_51' title='bbox 327 572 506 626; x_wconf 70' lang='lat' dir='ltr'><strong><em>Sacramenta</em></strong></span> <span class='ocrx_word' id='word_1_52' title='bbox 518 568 714 635; x_wconf 77' lang='lat' dir='ltr'>detrahuntur,</span> <span class='ocrx_word' id='word_1_53' title='bbox 731 570 775 624; x_wconf 85' lang='lat' dir='ltr'>sed</span> <span class='ocrx_word' id='word_1_54' title='bbox 783 576 899 625; x_wconf 88' lang='lat' dir='ltr'>manent</span> <span class='ocrx_word' id='word_1_55' title='bbox 911 585 992 638; x_wconf 89' lang='lat' dir='ltr'>super</span> <span class='ocrx_word' id='word_1_56' title='bbox 1001 583 1053 621; x_wconf 88' lang='lat' dir='ltr'>eos.</span> 
     </span>
     <span class='ocr_line' id='line_1_8' title="bbox 230 640 1054 710; baseline -0.006 -11"><span class='ocrx_word' id='word_1_57' title='bbox 230 643 388 700; x_wconf 83' lang='lat' dir='ltr'>Concilium</span> <span class='ocrx_word' id='word_1_58' title='bbox 411 640 567 695; x_wconf 74' lang='lat' dir='ltr'>Arelatens.</span> <span class='ocrx_word' id='word_1_59' title='bbox 595 655 632 706; x_wconf 84' lang='lat' dir='ltr'>tv,</span> <span class='ocrx_word' id='word_1_60' title='bbox 657 642 749 694; x_wconf 82' lang='lat' dir='ltr'>canl</span> <span class='ocrx_word' id='word_1_61' title='bbox 769 641 968 710; x_wconf 81' lang='lat' dir='ltr'>:Episcopatus</span> <span class='ocrx_word' id='word_1_62' title='bbox 993 654 1054 694; x_wconf 87' lang='lat' dir='ltr'>cero</span> 
     </span>
     <span class='ocr_line' id='line_1_9' title="bbox 229 709 1054 786; baseline -0.008 -16"><span class='ocrx_word' id='word_1_63' title='bbox 229 717 269 770; x_wconf 87' lang='lat' dir='ltr'>cel</span> <span class='ocrx_word' id='word_1_64' title='bbox 277 713 438 786; x_wconf 68' lang='lat' dir='ltr'>presbyterii</span> <span class='ocrx_word' id='word_1_65' title='bbox 447 712 577 765; x_wconf 80' lang='lat' dir='ltr'>leonorem</span> <span class='ocrx_word' id='word_1_66' title='bbox 592 709 700 766; x_wconf 89' lang='lat' dir='ltr'>nullum</span> <span class='ocrx_word' id='word_1_67' title='bbox 710 711 867 767; x_wconf 88' lang='lat' dir='ltr'>laicusante</span> <span class='ocrx_word' id='word_1_68' title='bbox 884 710 1054 781; x_wconf 73' lang='lat' dir='ltr'>praeturam</span> 
     </span>
    </p>

    <p class='ocr_par' dir='ltr' id='par_1_6' title="bbox 205 781 1056 996">
     <span class='ocr_line' id='line_1_10' title="bbox 205 781 1055 854; baseline -0.007 -12"><span class='ocrx_word' id='word_1_69' title='bbox 205 782 440 847; x_wconf 73' lang='lat' dir='ltr'>&#39;concessionem</span> <span class='ocrx_word' id='word_1_70' title='bbox 451 782 492 837; x_wconf 87' lang='lat' dir='ltr'>ccl</span> <span class='ocrx_word' id='word_1_71' title='bbox 505 787 569 835; x_wconf 83' lang='lat' dir='ltr'>arete</span> <span class='ocrx_word' id='word_1_72' title='bbox 584 798 638 836; x_wconf 81' lang='lat' dir='ltr'>xxx</span> <span class='ocrx_word' id='word_1_73' title='bbox 665 784 755 837; x_wconf 71' lang='lat' dir='ltr'>atatis</span> <span class='ocrx_word' id='word_1_74' title='bbox 776 799 862 837; x_wconf 88' lang='lat' dir='ltr'>annos</span> <span class='ocrx_word' id='word_1_75' title='bbox 874 782 999 854; x_wconf 84' lang='lat' dir='ltr'>accipiet.</span> <span class='ocrx_word' id='word_1_76' title='bbox 1021 781 1055 836; x_wconf 89' lang='lat' dir='ltr'>Et</span> 
     </span>
     <span class='ocr_line' id='line_1_11' title="bbox 228 851 1056 925; baseline -0.01 -12"><span class='ocrx_word' id='word_1_77' title='bbox 228 875 292 913; x_wconf 90' lang='lat' dir='ltr'>can.</span> <span class='ocrx_word' id='word_1_78' title='bbox 309 859 345 911; x_wconf 74' lang='lat'>2:</span> <span class='ocrx_word' id='word_1_79' title='bbox 361 855 414 911; x_wconf 88' lang='lat' dir='ltr'>Sed</span> <span class='ocrx_word' id='word_1_80' title='bbox 420 870 468 909; x_wconf 88' lang='lat' dir='ltr'>nec</span> <span class='ocrx_word' id='word_1_81' title='bbox 478 854 580 924; x_wconf 75' lang='lat' dir='ltr'><strong><em>reliqui</em></strong></span> <span class='ocrx_word' id='word_1_82' title='bbox 595 854 734 924; x_wconf 75' lang='lat' dir='ltr'>Poritiplces</span> <span class='ocrx_word' id='word_1_83' title='bbox 750 855 917 925; x_wconf 76' lang='lat' dir='ltr'>presbuerii</span> <span class='ocrx_word' id='word_1_84' title='bbox 938 856 982 912; x_wconf 85' lang='lat' dir='ltr'>uel</span> <span class='ocrx_word' id='word_1_85' title='bbox 995 851 1056 906; x_wconf 79' lang='lat' dir='ltr'>dra·</span> 
     </span>
     <span class='ocr_line' id='line_1_12' title="bbox 228 924 890 996; baseline -0.012 -10"><span class='ocrx_word' id='word_1_86' title='bbox 228 936 341 986; x_wconf 83' lang='lat' dir='ltr'>cenatus</span> <span class='ocrx_word' id='word_1_87' title='bbox 353 927 484 982; x_wconf 85' lang='lat' dir='ltr'>bonorem</span> <span class='ocrx_word' id='word_1_88' title='bbox 501 924 626 994; x_wconf 71' lang='lat' dir='ltr'>conferre</span> <span class='ocrx_word' id='word_1_89' title='bbox 641 933 820 996; x_wconf 82' lang='lat' dir='ltr'>praesumant,</span> <span class='ocrx_word' id='word_1_90' title='bbox 839 929 890 981; x_wconf 89' lang='lat' dir='ltr'>etc.</span> 
     </span>
    </p>
   </div>
   <div class='ocr_carea' id='block_1_6' title="bbox 226 1020 1056 1452">
    <p class='ocr_par' dir='ltr' id='par_1_7' title="bbox 226 1020 1056 1452">
     <span class='ocr_line' id='line_1_13' title="bbox 264 1020 1056 1096; baseline -0.006 -16"><span class='ocrx_word' id='word_1_91' title='bbox 264 1026 307 1080; x_wconf 92' lang='lat' dir='ltr'>lta</span> <span class='ocrx_word' id='word_1_92' title='bbox 322 1025 397 1096; x_wconf 89' lang='lat' dir='ltr'>apud</span> <span class='ocrx_word' id='word_1_93' title='bbox 423 1023 534 1078; x_wconf 82' lang='lat' dir='ltr'>Graecos</span> <span class='ocrx_word' id='word_1_94' title='bbox 550 1021 585 1076; x_wconf 92' lang='lat' dir='ltr'>de</span> <span class='ocrx_word' id='word_1_95' title='bbox 608 1021 652 1076; x_wconf 77' lang='lat' dir='ltr'>liis</span> <span class='ocrx_word' id='word_1_96' title='bbox 666 1022 755 1077; x_wconf 90' lang='lat' dir='ltr'>tribus</span> <span class='ocrx_word' id='word_1_97' title='bbox 780 1022 927 1077; x_wconf 80' lang='lat' dir='ltr'>ordinibus</span> <span class='ocrx_word' id='word_1_98' title='bbox 951 1020 1056 1076; x_wconf 87' lang='lat' dir='ltr'>dicitur</span> 
     </span>
     <span class='ocr_line' id='line_1_14' title="bbox 229 1092 1052 1168; baseline -0.007 -17"><span class='ocrx_word' id='word_1_99' title='bbox 229 1114 284 1151; x_wconf 78' lang='lat' dir='ltr'>vor</span> <span class='ocrx_word' id='word_1_100' title='bbox 296 1104 371 1168; x_wconf 78' lang='lat' dir='ltr'>ripa,</span> <span class='ocrx_word' id='word_1_101' title='bbox 392 1095 478 1149; x_wconf 89' lang='lat' dir='ltr'>idest</span> <span class='ocrx_word' id='word_1_102' title='bbox 493 1094 594 1147; x_wconf 92' lang='lat' dir='ltr'>bonor.</span> <span class='ocrx_word' id='word_1_103' title='bbox 607 1094 765 1148; x_wconf 81' lang='lat' dir='ltr'>Concilium</span> <span class='ocrx_word' id='word_1_104' title='bbox 778 1092 933 1156; x_wconf 80' lang='lat' dir='ltr'>Nicaenum,</span> <span class='ocrx_word' id='word_1_105' title='bbox 948 1109 1011 1146; x_wconf 86' lang='lat' dir='ltr'>can.</span> <span class='ocrx_word' id='word_1_106' title='bbox 1025 1093 1052 1146; x_wconf 88' lang='lat'>8.</span> 
     </span>
     <span class='ocr_line' id='line_1_15' title="bbox 226 1162 1055 1241; baseline -0.006 -20"><span class='ocrx_word' id='word_1_107' title='bbox 226 1168 260 1225; x_wconf 74' lang='grc'>’0</span> <span class='ocrx_word' id='word_1_108' title='bbox 277 1165 306 1221; x_wconf 80' lang='lat' dir='ltr'>ds</span> <span class='ocrx_word' id='word_1_109' title='bbox 321 1167 505 1241; x_wconf 70' lang='grc' dir='ltr'>ὀνεμκζόμενος</span> <span class='ocrx_word' id='word_1_110' title='bbox 515 1165 587 1238; x_wconf 71' lang='grc' dir='ltr'>παρὰ</span> <span class='ocrx_word' id='word_1_111' title='bbox 600 1171 655 1226; x_wconf 82' lang='grc' dir='ltr'><strong>τοῖς</strong></span> <span class='ocrx_word' id='word_1_112' title='bbox 668 1165 812 1237; x_wconf 72' lang='grc' dir='ltr'><strong>λεγομένοις</strong></span> <span class='ocrx_word' id='word_1_113' title='bbox 828 1167 958 1238; x_wconf 78' lang='grc' dir='ltr'>Καθαρσῖς</span> <span class='ocrx_word' id='word_1_114' title='bbox 977 1162 1055 1216; x_wconf 83' lang='lat' dir='ltr'>irris-</span> 
     </span>
     <span class='ocr_line' id='line_1_16' title="bbox 228 1235 1054 1309; baseline -0.004 -17"><span class='ocrx_word' id='word_1_115' title='bbox 228 1260 308 1301; x_wconf 76' lang='grc' dir='ltr'>κοντος</span> <span class='ocrx_word' id='word_1_116' title='bbox 322 1245 369 1297; x_wconf 78' lang='grc' dir='ltr'>τὴν</span> <span class='ocrx_word' id='word_1_117' title='bbox 386 1247 431 1290; x_wconf 82' lang='grc' dir='ltr'>τουΙ</span> <span class='ocrx_word' id='word_1_118' title='bbox 446 1236 623 1309; x_wconf 70' lang='lat' dir='ltr'>npsa&#39;c‘utipou</span> <span class='ocrx_word' id='word_1_119' title='bbox 638 1240 717 1308; x_wconf 73' lang='grc' dir='ltr'><strong><em>τιμὴν</em></strong></span> <span class='ocrx_word' id='word_1_120' title='bbox 743 1235 811 1299; x_wconf 70' lang='grc' dir='ltr'><strong><em>ἐξιεῖ</em></strong></span> <span class='ocrx_word' id='word_1_121' title='bbox 829 1236 858 1290; x_wconf 91' lang='lat' dir='ltr'>ld</span> <span class='ocrx_word' id='word_1_122' title='bbox 874 1242 926 1299; x_wconf 83' lang='lat' dir='ltr'>est,</span> <span class='ocrx_word' id='word_1_123' title='bbox 943 1235 990 1305; x_wconf 82' lang='lat' dir='ltr'>qui</span> <span class='ocrx_word' id='word_1_124' title='bbox 1004 1252 1054 1289; x_wconf 86' lang='lat' dir='ltr'>au·</span> 
     </span>
     <span class='ocr_line' id='line_1_17' title="bbox 227 1305 1053 1382; baseline -0.007 -15"><span class='ocrx_word' id='word_1_125' title='bbox 227 1318 287 1367; x_wconf 88' lang='lat' dir='ltr'>tem</span> <span class='ocrx_word' id='word_1_126' title='bbox 303 1310 378 1382; x_wconf 87' lang='lat' dir='ltr'>apud</span> <span class='ocrx_word' id='word_1_127' title='bbox 394 1326 443 1365; x_wconf 88' lang='lat' dir='ltr'>eos</span> <span class='ocrx_word' id='word_1_128' title='bbox 458 1309 505 1378; x_wconf 86' lang='lat' dir='ltr'>qui</span> <span class='ocrx_word' id='word_1_129' title='bbox 520 1307 635 1362; x_wconf 88' lang='lat' dir='ltr'>Catheri</span> <span class='ocrx_word' id='word_1_130' title='bbox 651 1306 785 1362; x_wconf 92' lang='lat' dir='ltr'>dicuntur</span> <span class='ocrx_word' id='word_1_131' title='bbox 797 1307 944 1378; x_wconf 89' lang='lat' dir='ltr'>episcopus</span> <span class='ocrx_word' id='word_1_132' title='bbox 959 1305 1053 1361; x_wconf 90' lang='lat' dir='ltr'>nomi·</span> 
     </span>
     <span class='ocr_line' id='line_1_18' title="bbox 228 1377 1052 1452; baseline -0.005 -15"><span class='ocrx_word' id='word_1_133' title='bbox 228 1388 323 1447; x_wconf 90' lang='lat' dir='ltr'>natur,</span> <span class='ocrx_word' id='word_1_134' title='bbox 339 1380 493 1452; x_wconf 76' lang='lat' dir='ltr'>presbyteri</span> <span class='ocrx_word' id='word_1_135' title='bbox 518 1379 656 1434; x_wconf 87' lang='lat' dir='ltr'>honorem</span> <span class='ocrx_word' id='word_1_136' title='bbox 680 1378 805 1433; x_wconf 89' lang='lat' dir='ltr'>habebit.</span> <span class='ocrx_word' id='word_1_137' title='bbox 829 1377 936 1433; x_wconf 86' lang='lat' dir='ltr'>Concil.</span> <span class='ocrx_word' id='word_1_138' title='bbox 960 1381 1052 1448; x_wconf 78' lang='lat' dir='ltr'>Ancy-</span> 
     </span>
    </p>
   </div>
   <div class='ocr_carea' id='block_1_7' title="bbox 226 1445 1061 1536">
    <p class='ocr_par' dir='ltr' id='par_1_8' title="bbox 226 1445 1061 1536">
     <span class='ocr_line' id='line_1_19' title="bbox 226 1445 1061 1536; baseline -0.01 -28"><span class='ocrx_word' id='word_1_139' title='bbox 226 1469 417 1515; x_wconf 79' lang='lat' dir='ltr'>l&#39;ttnutn,can.</span> <span class='ocrx_word' id='word_1_140' title='bbox 433 1453 467 1504; x_wconf 70' lang='grc'>21</span> <span class='ocrx_word' id='word_1_141' title='bbox 489 1457 627 1510; x_wconf 80' lang='grc' dir='ltr'>Διακσνσυς</span> <span class='ocrx_word' id='word_1_142' title='bbox 650 1450 743 1521; x_wconf 79' lang='grc' dir='ltr'>ὁμοίως</span> <span class='ocrx_word' id='word_1_143' title='bbox 769 1452 906 1510; x_wconf 77' lang='grc' dir='ltr'>θύσαντας,</span> <span class='ocrx_word' id='word_1_144' title='bbox 926 1445 1061 1536; x_wconf 57' lang='lat' dir='ltr'>psrddsv</span> 
     </span>
    </p>
   </div>
   <div class='ocr_carea' id='block_1_8' title="bbox 225 1519 1052 1733">
    <p class='ocr_par' dir='ltr' id='par_1_9' title="bbox 225 1519 1052 1733">
     <span class='ocr_line' id='line_1_20' title="bbox 226 1519 1052 1592; baseline -0.005 -15"><span class='ocrx_word' id='word_1_145' title='bbox 226 1522 558 1588; x_wconf 71' lang='grc' dir='ltr'>ταὺταίιναπαλαίσαντας,</span> <span class='ocrx_word' id='word_1_146' title='bbox 583 1525 630 1579; x_wconf 77' lang='grc' dir='ltr'>τὴν</span> <span class='ocrx_word' id='word_1_147' title='bbox 654 1524 699 1592; x_wconf 69' lang='grc' dir='ltr'>μὲν</span> <span class='ocrx_word' id='word_1_148' title='bbox 723 1519 801 1579; x_wconf 76' lang='grc' dir='ltr'><strong>ἄλλην</strong></span> <span class='ocrx_word' id='word_1_149' title='bbox 826 1540 904 1592; x_wconf 82' lang='grc' dir='ltr'><strong><em>τιμην</em></strong></span> <span class='ocrx_word' id='word_1_150' title='bbox 925 1539 1007 1591; x_wconf 74' lang='grc' dir='ltr'>σχειν,</span> <span class='ocrx_word' id='word_1_151' title='bbox 1023 1519 1052 1574; x_wconf 87' lang='lat' dir='ltr'>id</span> 
     </span>
     <span class='ocr_line' id='line_1_21' title="bbox 226 1590 1052 1662; baseline -0.007 -11"><span class='ocrx_word' id='word_1_152' title='bbox 226 1600 279 1658; x_wconf 91' lang='lat' dir='ltr'>est,</span> <span class='ocrx_word' id='word_1_153' title='bbox 295 1595 430 1650; x_wconf 90' lang='lat' dir='ltr'>diaconos</span> <span class='ocrx_word' id='word_1_154' title='bbox 442 1590 574 1647; x_wconf 89' lang='lat' dir='ltr'>simililer</span> <span class='ocrx_word' id='word_1_155' title='bbox 584 1591 630 1661; x_wconf 88' lang='lat' dir='ltr'>qui</span> <span class='ocrx_word' id='word_1_156' title='bbox 644 1591 876 1655; x_wconf 80' lang='lat' dir='ltr'>sacrificaverint,</span> <span class='ocrx_word' id='word_1_157' title='bbox 892 1597 989 1662; x_wconf 89' lang='lat' dir='ltr'>postea</span> <span class='ocrx_word' id='word_1_158' title='bbox 1003 1608 1052 1645; x_wconf 91' lang='lat' dir='ltr'>au·</span> 
     </span>
     <span class='ocr_line' id='line_1_22' title="bbox 225 1662 1046 1733; baseline -0.005 -11"><span class='ocrx_word' id='word_1_159' title='bbox 225 1671 284 1722; x_wconf 87' lang='lat' dir='ltr'>lem</span> <span class='ocrx_word' id='word_1_160' title='bbox 301 1665 430 1721; x_wconf 90' lang='lat' dir='ltr'>reluctati</span> <span class='ocrx_word' id='word_1_161' title='bbox 445 1664 512 1731; x_wconf 88' lang='lat' dir='ltr'>sint,</span> <span class='ocrx_word' id='word_1_162' title='bbox 527 1663 616 1717; x_wconf 89' lang='lat' dir='ltr'>alium</span> <span class='ocrx_word' id='word_1_163' title='bbox 633 1663 749 1733; x_wconf 86' lang='lat' dir='ltr'>quidem</span> <span class='ocrx_word' id='word_1_164' title='bbox 765 1663 906 1718; x_wconf 89' lang='lat' dir='ltr'>honorem</span> <span class='ocrx_word' id='word_1_165' title='bbox 928 1662 1046 1718; x_wconf 88' lang='lat' dir='ltr'>habere.</span> 
     </span>
    </p>
   </div>
   <div class='ocr_carea' id='block_1_9' title="bbox 227 1712 1091 1821">
    <p class='ocr_par' dir='ltr' id='par_1_10' title="bbox 227 1712 1091 1821">
     <span class='ocr_line' id='line_1_23' title="bbox 227 1712 1091 1821; baseline -0.01 -27"><span class='ocrx_word' id='word_1_166' title='bbox 227 1738 386 1793; x_wconf 77' lang='lat' dir='ltr'>Etenn.18</span> <span class='ocrx_word' id='word_1_167' title='bbox 402 1752 407 1791; x_wconf 71' lang='grc' dir='ltr'><em>τ</em></span> <span class='ocrx_word' id='word_1_168' title='bbox 425 1737 485 1787; x_wconf 79' lang='grc' dir='ltr'>Ἐὰν</span> <span class='ocrx_word' id='word_1_169' title='bbox 501 1730 531 1787; x_wconf 84' lang='lat' dir='ltr'>di</span> <span class='ocrx_word' id='word_1_170' title='bbox 555 1735 722 1794; x_wconf 73' lang='grc' dir='ltr'>στασιάζωσι</span> <span class='ocrx_word' id='word_1_171' title='bbox 748 1738 797 1821; x_wconf 69' lang='lat' dir='ltr'>erpi</span> <span class='ocrx_word' id='word_1_172' title='bbox 813 1733 895 1794; x_wconf 71' lang='grc' dir='ltr'>ςτσῦς</span> <span class='ocrx_word' id='word_1_173' title='bbox 918 1735 1050 1786; x_wconf 74' lang='grc' dir='ltr'>καθεστώ-</span> <span class='ocrx_word' id='word_1_174' title='bbox 1068 1712 1091 1771; x_wconf 72' lang='grc' dir='ltr'><strong>Β</strong></span> 
     </span>
    </p>
   </div>
   <div class='ocr_carea' id='block_1_10' title="bbox 224 1804 1051 2102">
    <p class='ocr_par' dir='ltr' id='par_1_11' title="bbox 224 1804 1051 2102">
     <span class='ocr_line' id='line_1_24' title="bbox 226 1804 1050 1877; baseline -0.005 -16"><span class='ocrx_word' id='word_1_175' title='bbox 226 1829 272 1871; x_wconf 85' lang='grc' dir='ltr'>τας</span> <span class='ocrx_word' id='word_1_176' title='bbox 287 1808 340 1860; x_wconf 81' lang='lat' dir='ltr'>iusi</span> <span class='ocrx_word' id='word_1_177' title='bbox 357 1808 540 1873; x_wconf 70' lang='lat' dir='ltr'>&#39;Ersmonau;‚</span> <span class='ocrx_word' id='word_1_178' title='bbox 555 1804 722 1876; x_wconf 69' lang='lat' dir='ltr'>&amp;palpitabat</span> <span class='ocrx_word' id='word_1_179' title='bbox 735 1812 821 1865; x_wconf 81' lang='grc' dir='ltr'><strong>αυτοῖς</strong></span> <span class='ocrx_word' id='word_1_180' title='bbox 843 1810 889 1863; x_wconf 80' lang='grc' dir='ltr'>τὴν</span> <span class='ocrx_word' id='word_1_181' title='bbox 911 1810 990 1877; x_wconf 76' lang='grc' dir='ltr'><strong><em>τιμὴν</em></strong></span> <span class='ocrx_word' id='word_1_182' title='bbox 1004 1812 1050 1857; x_wconf 83' lang='grc' dir='ltr'>τοῦ</span> 
     </span>
     <span class='ocr_line' id='line_1_25' title="bbox 224 1875 1051 1955; baseline -0.001 -23"><span class='ocrx_word' id='word_1_183' title='bbox 224 1880 422 1955; x_wconf 63' lang='lat' dir='ltr'>spectaretis,</span> <span class='ocrx_word' id='word_1_184' title='bbox 440 1879 467 1931; x_wconf 93' lang='lat' dir='ltr'>id</span> <span class='ocrx_word' id='word_1_185' title='bbox 484 1883 536 1939; x_wconf 75' lang='lat' dir='ltr'>est,</span> <span class='ocrx_word' id='word_1_186' title='bbox 566 1879 642 1947; x_wconf 88' lang='lat' dir='ltr'>quod</span> <span class='ocrx_word' id='word_1_187' title='bbox 662 1876 684 1930; x_wconf 92' lang='lat' dir='ltr'>si</span> <span class='ocrx_word' id='word_1_188' title='bbox 701 1875 835 1931; x_wconf 83' lang='lat' dir='ltr'>adversus</span> <span class='ocrx_word' id='word_1_189' title='bbox 862 1893 910 1932; x_wconf 88' lang='lat' dir='ltr'>eus</span> <span class='ocrx_word' id='word_1_190' title='bbox 930 1876 977 1946; x_wconf 83' lang='lat' dir='ltr'>qui</span> <span class='ocrx_word' id='word_1_191' title='bbox 993 1875 1051 1932; x_wconf 87' lang='lat' dir='ltr'>illic</span> 
     </span>
     <span class='ocr_line' id='line_1_26' title="bbox 225 1947 1051 2022; baseline -0.005 -16"><span class='ocrx_word' id='word_1_192' title='bbox 225 1951 349 2022; x_wconf 82' lang='lat' dir='ltr'>episcopi</span> <span class='ocrx_word' id='word_1_193' title='bbox 364 1948 510 2005; x_wconf 88' lang='lat' dir='ltr'>constituti</span> <span class='ocrx_word' id='word_1_194' title='bbox 525 1954 591 2002; x_wconf 90' lang='lat' dir='ltr'>sunt</span> <span class='ocrx_word' id='word_1_195' title='bbox 601 1947 755 2003; x_wconf 86' lang='lat' dir='ltr'>seditiones</span> <span class='ocrx_word' id='word_1_196' title='bbox 785 1948 936 2012; x_wconf 83' lang='lat' dir='ltr'>moverint,</span> <span class='ocrx_word' id='word_1_197' title='bbox 962 1947 1051 2002; x_wconf 91' lang='lat' dir='ltr'>hono-</span> 
     </span>
     <span class='ocr_line' id='line_1_27' title="bbox 225 2017 1049 2102; baseline -0.006 -25"><span class='ocrx_word' id='word_1_198' title='bbox 225 2038 287 2077; x_wconf 86' lang='lat' dir='ltr'>rem</span> <span class='ocrx_word' id='word_1_199' title='bbox 301 2020 467 2102; x_wconf 78' lang='lat' dir='ltr'>presbyterii</span> <span class='ocrx_word' id='word_1_200' title='bbox 480 2020 516 2073; x_wconf 90' lang='lat' dir='ltr'>ab</span> <span class='ocrx_word' id='word_1_201' title='bbox 539 2020 580 2073; x_wconf 87' lang='lat' dir='ltr'>eis</span> <span class='ocrx_word' id='word_1_202' title='bbox 594 2019 710 2073; x_wconf 77' lang='lat' dir='ltr'>auferri.</span> <span class='ocrx_word' id='word_1_203' title='bbox 740 2020 884 2088; x_wconf 77' lang='lat' dir='ltr'>synesius,</span> <span class='ocrx_word' id='word_1_204' title='bbox 907 2017 991 2088; x_wconf 88' lang='lat' dir='ltr'>epist.</span> <span class='ocrx_word' id='word_1_205' title='bbox 1003 2020 1049 2085; x_wconf 81' lang='lat' dir='ltr'>b&#39;l,</span> 
     </span>
    </p>
   </div>
   <div class='ocr_carea' id='block_1_11' title="bbox 226 2086 1076 2164">
    <p class='ocr_par' dir='ltr' id='par_1_12' title="bbox 226 2086 1076 2164">
     <span class='ocr_line' id='line_1_28' title="bbox 226 2086 1076 2164; baseline -0.007 -14"><span class='ocrx_word' id='word_1_206' title='bbox 226 2110 314 2164; x_wconf 71' lang='lat' dir='ltr'>agaim</span> <span class='ocrx_word' id='word_1_207' title='bbox 326 2094 361 2148; x_wconf 84' lang='lat' dir='ltr'>de</span> <span class='ocrx_word' id='word_1_208' title='bbox 377 2090 531 2162; x_wconf 80' lang='lat' dir='ltr'>episcopis:</span> <span class='ocrx_word' id='word_1_209' title='bbox 550 2097 711 2162; x_wconf 78' lang='lat' dir='ltr'>liparcuerut</span> <span class='ocrx_word' id='word_1_210' title='bbox 735 2086 764 2142; x_wconf 68' lang='grc' dir='ltr'>δὲ</span> <span class='ocrx_word' id='word_1_211' title='bbox 786 2092 831 2150; x_wconf 79' lang='grc' dir='ltr'>τὰς</span> <span class='ocrx_word' id='word_1_212' title='bbox 849 2092 934 2161; x_wconf 76' lang='grc' dir='ltr'>τιμὰς,</span> <span class='ocrx_word' id='word_1_213' title='bbox 952 2089 980 2143; x_wconf 91' lang='lat' dir='ltr'>id</span> <span class='ocrx_word' id='word_1_214' title='bbox 997 2094 1048 2157; x_wconf 83' lang='lat' dir='ltr'>est,</span> <span class='ocrx_word' id='word_1_215' title='bbox 1072 2096 1076 2105; x_wconf 82' lang='lat'>&#39;</span> 
     </span>
    </p>
   </div>
   <div class='ocr_carea' id='block_1_12' title="bbox 222 2160 1050 2444">
    <p class='ocr_par' dir='ltr' id='par_1_13' title="bbox 222 2160 1050 2444">
     <span class='ocr_line' id='line_1_29' title="bbox 227 2160 1050 2231; baseline -0.006 -12"><span class='ocrx_word' id='word_1_216' title='bbox 227 2165 359 2219; x_wconf 87' lang='lat' dir='ltr'>fruuntur</span> <span class='ocrx_word' id='word_1_217' title='bbox 374 2162 538 2223; x_wconf 81' lang='lat' dir='ltr'>honoribus,</span> <span class='ocrx_word' id='word_1_218' title='bbox 553 2176 586 2214; x_wconf 91' lang='grc' dir='ltr'>σο</span> <span class='ocrx_word' id='word_1_219' title='bbox 596 2166 732 2231; x_wconf 83' lang='lat' dir='ltr'>vagantes</span> <span class='ocrx_word' id='word_1_220' title='bbox 747 2160 793 2215; x_wconf 91' lang='lat' dir='ltr'>ubi</span> <span class='ocrx_word' id='word_1_221' title='bbox 810 2162 903 2230; x_wconf 88' lang='lat' dir='ltr'>majus</span> <span class='ocrx_word' id='word_1_222' title='bbox 916 2176 1050 2229; x_wconf 89' lang='lat' dir='ltr'>compen-</span> 
     </span>
     <span class='ocr_line' id='line_1_30' title="bbox 225 2230 1049 2305; baseline -0.005 -16"><span class='ocrx_word' id='word_1_223' title='bbox 225 2237 305 2290; x_wconf 84' lang='lat' dir='ltr'>dium</span> <span class='ocrx_word' id='word_1_224' title='bbox 321 2239 376 2290; x_wconf 85' lang='lat' dir='ltr'>est.</span> <span class='ocrx_word' id='word_1_225' title='bbox 397 2232 533 2287; x_wconf 83' lang='lat' dir='ltr'>Elinlra:</span> <span class='ocrx_word' id='word_1_226' title='bbox 552 2235 628 2302; x_wconf 79' lang='grc' dir='ltr'><strong>Ταχὺ</strong></span> <span class='ocrx_word' id='word_1_227' title='bbox 644 2234 692 2305; x_wconf 72' lang='grc' dir='ltr'>γὰρ</span> <span class='ocrx_word' id='word_1_228' title='bbox 719 2230 932 2293; x_wconf 60' lang='lat' dir='ltr'>stirenhosen,</span> <span class='ocrx_word' id='word_1_229' title='bbox 948 2231 970 2283; x_wconf 84' lang='lat' dir='ltr'>ri</span> <span class='ocrx_word' id='word_1_230' title='bbox 990 2236 1049 2305; x_wconf 77' lang='grc' dir='ltr'>περὶ</span> 
     </span>
     <span class='ocr_line' id='line_1_31' title="bbox 224 2300 1049 2377; baseline -0.001 -19"><span class='ocrx_word' id='word_1_231' title='bbox 224 2315 269 2367; x_wconf 78' lang='grc' dir='ltr'>τῆς</span> <span class='ocrx_word' id='word_1_232' title='bbox 283 2314 363 2377; x_wconf 76' lang='grc' dir='ltr'><strong><em>τιμῆς</em></strong></span> <span class='ocrx_word' id='word_1_233' title='bbox 377 2300 559 2363; x_wconf 71' lang='grc' dir='ltr'>κινδυνεύοιεν,</span> <span class='ocrx_word' id='word_1_234' title='bbox 578 2302 669 2369; x_wconf 89' lang='lat' dir='ltr'>idest,</span> <span class='ocrx_word' id='word_1_235' title='bbox 686 2318 754 2356; x_wconf 87' lang='lat' dir='ltr'>nain</span> <span class='ocrx_word' id='word_1_236' title='bbox 767 2301 850 2357; x_wconf 89' lang='lat' dir='ltr'>citius</span> <span class='ocrx_word' id='word_1_237' title='bbox 864 2303 901 2356; x_wconf 92' lang='lat' dir='ltr'>ad</span> <span class='ocrx_word' id='word_1_238' title='bbox 922 2318 974 2357; x_wconf 85' lang='lat' dir='ltr'>sue</span> <span class='ocrx_word' id='word_1_239' title='bbox 987 2301 1049 2357; x_wconf 88' lang='lat' dir='ltr'>loca</span> 
     </span>
     <span class='ocr_line' id='line_1_32' title="bbox 222 2372 993 2444; baseline -0.006 -12"><span class='ocrx_word' id='word_1_240' title='bbox 222 2380 443 2443; x_wconf 82' lang='lat' dir='ltr'>reverterentur,</span> <span class='ocrx_word' id='word_1_241' title='bbox 460 2372 483 2427; x_wconf 93' lang='lat' dir='ltr'>si</span> <span class='ocrx_word' id='word_1_242' title='bbox 496 2373 612 2427; x_wconf 83' lang='lat' dir='ltr'>honoris</span> <span class='ocrx_word' id='word_1_243' title='bbox 633 2372 676 2427; x_wconf 90' lang='lat' dir='ltr'>sui</span> <span class='ocrx_word' id='word_1_244' title='bbox 688 2373 834 2444; x_wconf 85' lang='lat' dir='ltr'>jacturam</span> <span class='ocrx_word' id='word_1_245' title='bbox 853 2377 993 2428; x_wconf 88' lang='lat' dir='ltr'>metuant.</span> 
     </span>
    </p>
   </div>
   <div class='ocr_carea' id='block_1_13' title="bbox 158 2461 1047 4091">
    <p class='ocr_par' dir='ltr' id='par_1_14' title="bbox 220 2461 1047 3036">
     <span class='ocr_line' id='line_1_33' title="bbox 259 2461 1047 2531; baseline -0.004 -11"><span class='ocrx_word' id='word_1_246' title='bbox 259 2461 1047 2531; x_wconf 85' lang='lat' dir='ltr'>CumauterudiacouatussilbonoriuEcclesiactsupra</span> 
     </span>
     <span class='ocr_line' id='line_1_34' title="bbox 222 2533 1047 2615; baseline -0.005 -23"><span class='ocrx_word' id='word_1_247' title='bbox 222 2553 301 2592; x_wconf 82' lang='lat' dir='ltr'>sacer</span> <span class='ocrx_word' id='word_1_248' title='bbox 313 2537 384 2591; x_wconf 91' lang='lat' dir='ltr'>ordo</span> <span class='ocrx_word' id='word_1_249' title='bbox 399 2534 603 2615; x_wconf 83' lang='lat' dir='ltr'>appelletu1·,e1</span> <span class='ocrx_word' id='word_1_250' title='bbox 619 2533 672 2587; x_wconf 90' lang='lat' dir='ltr'>hoc</span> <span class='ocrx_word' id='word_1_251' title='bbox 685 2533 878 2588; x_wconf 74' lang='lat' dir='ltr'>internoscere</span> <span class='ocrx_word' id='word_1_252' title='bbox 894 2549 1047 2603; x_wconf 87' lang='lat' dir='ltr'>possumus</span> 
     </span>
     <span class='ocr_line' id='line_1_35' title="bbox 220 2603 1047 2685; baseline -0.005 -22"><span class='ocrx_word' id='word_1_253' title='bbox 220 2614 331 2679; x_wconf 87' lang='lat' dir='ltr'>quauta</span> <span class='ocrx_word' id='word_1_254' title='bbox 346 2606 382 2661; x_wconf 88' lang='lat' dir='ltr'>sit</span> <span class='ocrx_word' id='word_1_255' title='bbox 394 2603 594 2675; x_wconf 76' lang='lat' dir='ltr'>liupusordiuis</span> <span class='ocrx_word' id='word_1_256' title='bbox 618 2604 752 2685; x_wconf 71' lang='lat' dir='ltr'>dignitas,</span> <span class='ocrx_word' id='word_1_257' title='bbox 780 2621 845 2674; x_wconf 76' lang='lat' dir='ltr'>quse</span> <span class='ocrx_word' id='word_1_258' title='bbox 855 2604 881 2658; x_wconf 92' lang='lat' dir='ltr'>iu</span> <span class='ocrx_word' id='word_1_259' title='bbox 892 2604 944 2658; x_wconf 89' lang='lat' dir='ltr'>hoc</span> <span class='ocrx_word' id='word_1_260' title='bbox 958 2605 1047 2659; x_wconf 82' lang='lat' dir='ltr'>mari·</span> 
     </span>
     <span class='ocr_line' id='line_1_36' title="bbox 222 2675 1045 2757; baseline -0.002 -24"><span class='ocrx_word' id='word_1_261' title='bbox 222 2696 268 2735; x_wconf 88' lang='lat' dir='ltr'>me</span> <span class='ocrx_word' id='word_1_262' title='bbox 283 2676 422 2745; x_wconf 80' lang='lat' dir='ltr'>consistit,</span> <span class='ocrx_word' id='word_1_263' title='bbox 440 2676 528 2757; x_wconf 73' lang='lat'>500</span> <span class='ocrx_word' id='word_1_264' title='bbox 540 2678 569 2729; x_wconf 90' lang='lat' dir='ltr'>ul</span> <span class='ocrx_word' id='word_1_265' title='bbox 581 2691 709 2745; x_wconf 77' lang='lat' dir='ltr'>proxime</span> <span class='ocrx_word' id='word_1_266' title='bbox 724 2675 838 2730; x_wconf 89' lang='lat' dir='ltr'>assistat</span> <span class='ocrx_word' id='word_1_267' title='bbox 852 2675 992 2731; x_wconf 87' lang='lat' dir='ltr'>sacerdoti</span> <span class='ocrx_word' id='word_1_268' title='bbox 1002 2692 1045 2731; x_wconf 83' lang='lat' dir='ltr'>aa·</span> 
     </span>
     <span class='ocr_line' id='line_1_37' title="bbox 221 2746 1043 2818; baseline -0.007 -12"><span class='ocrx_word' id='word_1_269' title='bbox 221 2767 270 2806; x_wconf 88' lang='lat' dir='ltr'>cra</span> <span class='ocrx_word' id='word_1_270' title='bbox 286 2748 411 2813; x_wconf 81' lang='lat' dir='ltr'>facienti,</span> <span class='ocrx_word' id='word_1_271' title='bbox 426 2755 518 2818; x_wconf 82' lang='lat' dir='ltr'>sitque</span> <span class='ocrx_word' id='word_1_272' title='bbox 534 2747 596 2815; x_wconf 79' lang='lat' dir='ltr'>ejus</span> <span class='ocrx_word' id='word_1_273' title='bbox 611 2748 638 2801; x_wconf 93' lang='lat' dir='ltr'>in</span> <span class='ocrx_word' id='word_1_274' title='bbox 664 2746 737 2801; x_wconf 89' lang='lat' dir='ltr'>tanti</span> <span class='ocrx_word' id='word_1_275' title='bbox 768 2746 894 2817; x_wconf 81' lang='lat' dir='ltr'>mysterii</span> <span class='ocrx_word' id='word_1_276' title='bbox 919 2746 1043 2802; x_wconf 89' lang='lat' dir='ltr'>celebra·</span> 
     </span>
     <span class='ocr_line' id='line_1_38' title="bbox 221 2817 1043 2893; baseline -0.005 -16"><span class='ocrx_word' id='word_1_277' title='bbox 221 2820 297 2877; x_wconf 89' lang='lat' dir='ltr'>tione</span> <span class='ocrx_word' id='word_1_278' title='bbox 311 2821 437 2893; x_wconf 87' lang='lat' dir='ltr'>adjutor,</span> <span class='ocrx_word' id='word_1_279' title='bbox 453 2818 497 2873; x_wconf 90' lang='lat' dir='ltr'>cui</span> <span class='ocrx_word' id='word_1_280' title='bbox 509 2818 594 2891; x_wconf 84' lang='lat' dir='ltr'>juxta</span> <span class='ocrx_word' id='word_1_281' title='bbox 609 2822 741 2872; x_wconf 85' lang='lat' dir='ltr'>sanctum</span> <span class='ocrx_word' id='word_1_282' title='bbox 757 2817 950 2883; x_wconf 78' lang='lat' dir='ltr'>Ambrosium,</span> <span class='ocrx_word' id='word_1_283' title='bbox 973 2817 1043 2873; x_wconf 91' lang='lat' dir='ltr'>libro</span> 
     </span>
     <span class='ocr_line' id='line_1_39' title="bbox 221 2888 1043 2964; baseline -0.004 -18"><span class='ocrx_word' id='word_1_284' title='bbox 221 2892 314 2964; x_wconf 89' lang='lat' dir='ltr'>primo</span> <span class='ocrx_word' id='word_1_285' title='bbox 328 2892 363 2947; x_wconf 92' lang='lat' dir='ltr'>de</span> <span class='ocrx_word' id='word_1_286' title='bbox 376 2888 495 2955; x_wconf 78' lang='lat' dir='ltr'>Officiis,</span> <span class='ocrx_word' id='word_1_287' title='bbox 524 2905 585 2960; x_wconf 89' lang='lat' dir='ltr'>cap.</span> <span class='ocrx_word' id='word_1_288' title='bbox 609 2889 654 2949; x_wconf 82' lang='lat' dir='ltr'>tl.</span> <span class='ocrx_word' id='word_1_289' title='bbox 671 2888 825 2943; x_wconf 85' lang='lat' dir='ltr'>commissa</span> <span class='ocrx_word' id='word_1_290' title='bbox 849 2894 892 2943; x_wconf 87' lang='lat' dir='ltr'>est</span> <span class='ocrx_word' id='word_1_291' title='bbox 906 2888 1043 2943; x_wconf 89' lang='lat' dir='ltr'>dominici</span> 
     </span>
     <span class='ocr_line' id='line_1_40' title="bbox 221 2959 1044 3036; baseline -0.007 -17"><span class='ocrx_word' id='word_1_292' title='bbox 221 2963 349 3036; x_wconf 90' lang='lat' dir='ltr'>corporis</span> <span class='ocrx_word' id='word_1_293' title='bbox 364 2967 393 3017; x_wconf 89' lang='lat' dir='ltr'>et</span> <span class='ocrx_word' id='word_1_294' title='bbox 415 2959 561 3031; x_wconf 75' lang='lat' dir='ltr'>sanguinis</span> <span class='ocrx_word' id='word_1_295' title='bbox 575 2959 760 3015; x_wconf 86' lang='lat' dir='ltr'>consecratio.</span> <span class='ocrx_word' id='word_1_296' title='bbox 777 2960 859 3024; x_wconf 85' lang='lat' dir='ltr'>Quod</span> <span class='ocrx_word' id='word_1_297' title='bbox 872 2959 912 3013; x_wconf 91' lang='lat' dir='ltr'>sic</span> <span class='ocrx_word' id='word_1_298' title='bbox 941 2959 1044 3014; x_wconf 91' lang='lat' dir='ltr'>inlelli-</span> 
     </span>
    </p>

    <p class='ocr_par' dir='ltr' id='par_1_15' title="bbox 158 3029 1044 4091">
     <span class='ocr_line' id='line_1_41' title="bbox 240 3029 1043 3101; baseline -0.007 -10"><span class='ocrx_word' id='word_1_299' title='bbox 240 3036 346 3092; x_wconf 90' lang='lat' dir='ltr'>endum</span> <span class='ocrx_word' id='word_1_300' title='bbox 366 3037 409 3089; x_wconf 90' lang='lat' dir='ltr'>est</span> <span class='ocrx_word' id='word_1_301' title='bbox 436 3032 517 3088; x_wconf 89' lang='lat' dir='ltr'>Petro</span> <span class='ocrx_word' id='word_1_302' title='bbox 532 3033 654 3086; x_wconf 82' lang='lat' dir='ltr'>Cantore</span> <span class='ocrx_word' id='word_1_303' title='bbox 672 3030 837 3101; x_wconf 69' lang='lat' dir='ltr'>interprete,</span> <span class='ocrx_word' id='word_1_304' title='bbox 859 3029 909 3084; x_wconf 87' lang='lat' dir='ltr'>lib.</span> <span class='ocrx_word' id='word_1_305' title='bbox 938 3046 991 3085; x_wconf 90' lang='lat' dir='ltr'>ms.</span> <span class='ocrx_word' id='word_1_306' title='bbox 1008 3031 1043 3085; x_wconf 90' lang='lat' dir='ltr'>de</span> 
     </span>
     <span class='ocr_line' id='line_1_42' title="bbox 158 3053 1044 3183; baseline -0.008 -21"><span class='ocrx_word' id='word_1_307' title='bbox 158 3100 165 3107; x_wconf 77' lang='grc'><strong>’</strong></span> <span class='ocrx_word' id='word_1_308' title='bbox 221 3053 313 3161; x_wconf 58' lang='lat' dir='ltr'>ierbo</span> <span class='ocrx_word' id='word_1_309' title='bbox 328 3104 457 3167; x_wconf 88' lang='lat' dir='ltr'>mirilico,</span> <span class='ocrx_word' id='word_1_310' title='bbox 472 3119 533 3173; x_wconf 89' lang='lat' dir='ltr'>cup.</span> <span class='ocrx_word' id='word_1_311' title='bbox 548 3103 579 3156; x_wconf 83' lang='lat' dir='ltr'>ll</span> <span class='ocrx_word' id='word_1_312' title='bbox 596 3120 602 3157; x_wconf 90' lang='lat'>:</span> <span class='ocrx_word' id='word_1_313' title='bbox 618 3102 760 3183; x_wconf 76' lang='lat' dir='ltr'>Experire</span> <span class='ocrx_word' id='word_1_314' title='bbox 771 3102 871 3156; x_wconf 89' lang='lat' dir='ltr'>etenim</span> <span class='ocrx_word' id='word_1_315' title='bbox 885 3108 979 3155; x_wconf 88' lang='lat' dir='ltr'>utrum</span> <span class='ocrx_word' id='word_1_316' title='bbox 993 3103 1044 3155; x_wconf 87' lang='lat' dir='ltr'>mi-</span> 
     </span>
     <span class='ocr_line' id='line_1_43' title="bbox 219 3172 1043 3243; baseline -0.008 -11"><span class='ocrx_word' id='word_1_317' title='bbox 219 3177 339 3232; x_wconf 85' lang='lat' dir='ltr'>nistrum</span> <span class='ocrx_word' id='word_1_318' title='bbox 353 3176 479 3230; x_wconf 70' lang='lat' dir='ltr'>idumeum</span> <span class='ocrx_word' id='word_1_319' title='bbox 494 3174 619 3243; x_wconf 83' lang='lat' dir='ltr'>cleperis,</span> <span class='ocrx_word' id='word_1_320' title='bbox 629 3189 672 3227; x_wconf 81' lang='lat' dir='ltr'>cuz</span> <span class='ocrx_word' id='word_1_321' title='bbox 681 3173 838 3227; x_wconf 77' lang='lat' dir='ltr'>commisisti</span> <span class='ocrx_word' id='word_1_322' title='bbox 847 3172 977 3227; x_wconf 86' lang='lat' dir='ltr'>dominici</span> <span class='ocrx_word' id='word_1_323' title='bbox 986 3188 1043 3227; x_wconf 90' lang='lat' dir='ltr'>cor-</span> 
     </span>
     <span class='ocr_line' id='line_1_44' title="bbox 217 3243 1041 3320; baseline -0.005 -18"><span class='ocrx_word' id='word_1_324' title='bbox 217 3250 294 3320; x_wconf 88' lang='lat' dir='ltr'>poris</span> <span class='ocrx_word' id='word_1_325' title='bbox 302 3256 327 3304; x_wconf 88' lang='lat' dir='ltr'>et</span> <span class='ocrx_word' id='word_1_326' title='bbox 336 3247 478 3317; x_wconf 75' lang='lat' dir='ltr'>respuistis</span> <span class='ocrx_word' id='word_1_327' title='bbox 488 3244 721 3307; x_wconf 86' lang='lat' dir='ltr'>consecrationem,</span> <span class='ocrx_word' id='word_1_328' title='bbox 733 3260 787 3297; x_wconf 88' lang='lat' dir='ltr'>nau</span> <span class='ocrx_word' id='word_1_329' title='bbox 796 3243 1041 3313; x_wconf 82' lang='lat' dir='ltr'>adconficicndnm.</span> 
     </span>
     <span class='ocr_line' id='line_1_45' title="bbox 219 3314 1043 3387; baseline -0.008 -12"><span class='ocrx_word' id='word_1_330' title='bbox 219 3320 265 3375; x_wconf 87' lang='lat' dir='ltr'>sed</span> <span class='ocrx_word' id='word_1_331' title='bbox 278 3320 313 3373; x_wconf 91' lang='lat' dir='ltr'>ad</span> <span class='ocrx_word' id='word_1_332' title='bbox 325 3317 502 3374; x_wconf 84' lang='lat' dir='ltr'>assistendum</span> <span class='ocrx_word' id='word_1_333' title='bbox 515 3315 577 3387; x_wconf 75' lang='lat' dir='ltr'>:uui</span> <span class='ocrx_word' id='word_1_334' title='bbox 590 3316 660 3370; x_wconf 89' lang='lat' dir='ltr'>sicut</span> <span class='ocrx_word' id='word_1_335' title='bbox 671 3315 837 3369; x_wconf 87' lang='lat' dir='ltr'>secretarius</span> <span class='ocrx_word' id='word_1_336' title='bbox 847 3314 946 3369; x_wconf 89' lang='lat' dir='ltr'>altaris</span> <span class='ocrx_word' id='word_1_337' title='bbox 954 3315 1043 3385; x_wconf 89' lang='lat' dir='ltr'>parti-</span> 
     </span>
     <span class='ocr_line' id='line_1_46' title="bbox 219 3386 1042 3462; baseline -0.006 -17"><span class='ocrx_word' id='word_1_338' title='bbox 219 3407 277 3462; x_wconf 85' lang='lat' dir='ltr'>ceps</span> <span class='ocrx_word' id='word_1_339' title='bbox 297 3398 333 3445; x_wconf 86' lang='lat' dir='ltr'>est</span> <span class='ocrx_word' id='word_1_340' title='bbox 354 3389 526 3459; x_wconf 70' lang='lat' dir='ltr'>consectionis</span> <span class='ocrx_word' id='word_1_341' title='bbox 548 3386 731 3441; x_wconf 74' lang='lat' dir='ltr'>Eucharistiae</span> <span class='ocrx_word' id='word_1_342' title='bbox 741 3403 751 3451; x_wconf 91' lang='lat'><em>;</em></span> <span class='ocrx_word' id='word_1_343' title='bbox 763 3402 816 3439; x_wconf 90' lang='lat' dir='ltr'>non</span> <span class='ocrx_word' id='word_1_344' title='bbox 839 3386 904 3456; x_wconf 86' lang='lat' dir='ltr'>quia</span> <span class='ocrx_word' id='word_1_345' title='bbox 915 3393 1003 3440; x_wconf 85' lang='lat' dir='ltr'>sumet</span> <span class='ocrx_word' id='word_1_346' title='bbox 1016 3393 1042 3440; x_wconf 92' lang='lat' dir='ltr'>et</span> 
     </span>
     <span class='ocr_line' id='line_1_47' title="bbox 218 3456 1044 3532; baseline -0.008 -15"><span class='ocrx_word' id='word_1_347' title='bbox 218 3463 351 3532; x_wconf 74' lang='lat' dir='ltr'>conficiat,</span> <span class='ocrx_word' id='word_1_348' title='bbox 375 3460 514 3530; x_wconf 82' lang='lat' dir='ltr'>nunquia</span> <span class='ocrx_word' id='word_1_349' title='bbox 543 3458 658 3512; x_wconf 82' lang='lat' dir='ltr'>ltacsiue</span> <span class='ocrx_word' id='word_1_350' title='bbox 679 3475 707 3513; x_wconf 88' lang='lat' dir='ltr'>eo</span> <span class='ocrx_word' id='word_1_351' title='bbox 730 3474 783 3512; x_wconf 88' lang='lat' dir='ltr'>non</span> <span class='ocrx_word' id='word_1_352' title='bbox 806 3457 889 3527; x_wconf 88' lang='lat' dir='ltr'>possit</span> <span class='ocrx_word' id='word_1_353' title='bbox 903 3457 976 3524; x_wconf 73' lang='lat' dir='ltr'>fieri,</span> <span class='ocrx_word' id='word_1_354' title='bbox 997 3456 1044 3510; x_wconf 90' lang='lat' dir='ltr'>sed</span> 
     </span>
     <span class='ocr_line' id='line_1_48' title="bbox 218 3528 1042 3605; baseline -0.008 -17"><span class='ocrx_word' id='word_1_355' title='bbox 218 3534 284 3605; x_wconf 83' lang='lat' dir='ltr'>quia</span> <span class='ocrx_word' id='word_1_356' title='bbox 296 3532 438 3595; x_wconf 86' lang='lat' dir='ltr'>celebrius,</span> <span class='ocrx_word' id='word_1_357' title='bbox 451 3538 477 3585; x_wconf 91' lang='lat' dir='ltr'>et</span> <span class='ocrx_word' id='word_1_358' title='bbox 494 3531 524 3584; x_wconf 88' lang='lat' dir='ltr'>in</span> <span class='ocrx_word' id='word_1_359' title='bbox 548 3530 649 3600; x_wconf 70' lang='lat' dir='ltr'>crciari</span> <span class='ocrx_word' id='word_1_360' title='bbox 660 3529 816 3583; x_wconf 87' lang='lat' dir='ltr'>reuerentia</span> <span class='ocrx_word' id='word_1_361' title='bbox 829 3528 971 3599; x_wconf 75' lang='lat' dir='ltr'>conficitur</span> <span class='ocrx_word' id='word_1_362' title='bbox 985 3544 1042 3582; x_wconf 90' lang='lat' dir='ltr'>cor·</span> 
     </span>
     <span class='ocr_line' id='line_1_49' title="bbox 214 3600 1041 3677; baseline -0.008 -17"><span class='ocrx_word' id='word_1_363' title='bbox 214 3622 267 3677; x_wconf 88' lang='lat' dir='ltr'>pus</span> <span class='ocrx_word' id='word_1_364' title='bbox 282 3603 389 3659; x_wconf 81' lang='lat' dir='ltr'>basuini</span> <span class='ocrx_word' id='word_1_365' title='bbox 402 3619 462 3657; x_wconf 90' lang='lat' dir='ltr'>cum</span> <span class='ocrx_word' id='word_1_366' title='bbox 471 3601 618 3673; x_wconf 82' lang='lat' dir='ltr'>prasentia</span> <span class='ocrx_word' id='word_1_367' title='bbox 640 3601 764 3655; x_wconf 88' lang='lat' dir='ltr'>ministri</span> <span class='ocrx_word' id='word_1_368' title='bbox 774 3606 799 3653; x_wconf 88' lang='lat' dir='ltr'>et</span> <span class='ocrx_word' id='word_1_369' title='bbox 811 3600 964 3655; x_wconf 86' lang='lat' dir='ltr'>testimonio</span> <span class='ocrx_word' id='word_1_370' title='bbox 974 3600 1041 3671; x_wconf 73' lang='lat' dir='ltr'>ejus.</span> 
     </span>
     <span class='ocr_line' id='line_1_50' title="bbox 218 3670 1042 3748; baseline -0.008 -16"><span class='ocrx_word' id='word_1_371' title='bbox 218 3679 259 3732; x_wconf 84' lang='lat' dir='ltr'>Ex</span> <span class='ocrx_word' id='word_1_372' title='bbox 273 3694 329 3748; x_wconf 84' lang='lat' dir='ltr'>quo</span> <span class='ocrx_word' id='word_1_373' title='bbox 345 3674 421 3731; x_wconf 88' lang='lat' dir='ltr'>Petri</span> <span class='ocrx_word' id='word_1_374' title='bbox 437 3678 515 3730; x_wconf 80' lang='lat' dir='ltr'>testu</span> <span class='ocrx_word' id='word_1_375' title='bbox 541 3671 727 3726; x_wconf 82' lang='lat' dir='ltr'>inanilestum</span> <span class='ocrx_word' id='word_1_376' title='bbox 754 3675 798 3727; x_wconf 90' lang='lat' dir='ltr'>est</span> <span class='ocrx_word' id='word_1_377' title='bbox 817 3672 935 3726; x_wconf 82' lang='lat' dir='ltr'>locum¹</span> <span class='ocrx_word' id='word_1_378' title='bbox 950 3670 1042 3726; x_wconf 90' lang='lat' dir='ltr'>sancti</span> 
     </span>
     <span class='ocr_line' id='line_1_51' title="bbox 218 3742 1043 3813; baseline -0.01 -10"><span class='ocrx_word' id='word_1_379' title='bbox 218 3747 362 3804; x_wconf 85' lang='lat' dir='ltr'>Ambrosii</span> <span class='ocrx_word' id='word_1_380' title='bbox 372 3762 434 3802; x_wconf 89' lang='lat' dir='ltr'>esse</span> <span class='ocrx_word' id='word_1_381' title='bbox 441 3747 624 3813; x_wconf 88' lang='lat' dir='ltr'>corruptum;</span> <span class='ocrx_word' id='word_1_382' title='bbox 636 3758 704 3797; x_wconf 89' lang='lat' dir='ltr'>uam</span> <span class='ocrx_word' id='word_1_383' title='bbox 718 3742 745 3795; x_wconf 92' lang='lat' dir='ltr'>in</span> <span class='ocrx_word' id='word_1_384' title='bbox 759 3743 900 3797; x_wconf 84' lang='lat' dir='ltr'>veteribus</span> <span class='ocrx_word' id='word_1_385' title='bbox 912 3744 1043 3797; x_wconf 87' lang='lat' dir='ltr'>etrecen-</span> 
     </span>
     <span class='ocr_line' id='line_1_52' title="bbox 218 3812 1043 3883; baseline -0.01 -8"><span class='ocrx_word' id='word_1_386' title='bbox 218 3818 338 3874; x_wconf 90' lang='lat' dir='ltr'>tioribus</span> <span class='ocrx_word' id='word_1_387' title='bbox 351 3818 426 3873; x_wconf 91' lang='lat' dir='ltr'>illius</span> <span class='ocrx_word' id='word_1_388' title='bbox 438 3814 618 3871; x_wconf 89' lang='lat' dir='ltr'>Editionibus</span> <span class='ocrx_word' id='word_1_389' title='bbox 630 3814 749 3868; x_wconf 76' lang='lat' dir='ltr'>deestsc</span> <span class='ocrx_word' id='word_1_390' title='bbox 764 3813 901 3883; x_wconf 88' lang='lat' dir='ltr'>corporis,</span> <span class='ocrx_word' id='word_1_391' title='bbox 918 3812 985 3867; x_wconf 88' lang='lat' dir='ltr'>etin</span> <span class='ocrx_word' id='word_1_392' title='bbox 1000 3828 1043 3867; x_wconf 89' lang='lat' dir='ltr'>re-</span> 
     </span>
     <span class='ocr_line' id='line_1_53' title="bbox 218 3882 1043 3947; baseline -0.01 -2"><span class='ocrx_word' id='word_1_393' title='bbox 218 3890 392 3947; x_wconf 88' lang='lat' dir='ltr'>centioribus</span> <span class='ocrx_word' id='word_1_394' title='bbox 406 3890 435 3940; x_wconf 80' lang='grc' dir='ltr'>τὸ</span> <span class='ocrx_word' id='word_1_395' title='bbox 449 3886 673 3941; x_wconf 70' lang='lat' dir='ltr'>coissecrationem</span> <span class='ocrx_word' id='word_1_396' title='bbox 690 3888 834 3938; x_wconf 82' lang='lat' dir='ltr'>ructatum</span> <span class='ocrx_word' id='word_1_397' title='bbox 849 3882 932 3937; x_wconf 89' lang='lat' dir='ltr'>estin</span> <span class='ocrx_word' id='word_1_398' title='bbox 947 3886 975 3934; x_wconf 80' lang='grc' dir='ltr'>τὸ</span> <span class='ocrx_word' id='word_1_399' title='bbox 989 3882 1043 3937; x_wconf 89' lang='lat' dir='ltr'>dis-</span> 
     </span>
     <span class='ocr_line' id='line_1_54' title="bbox 236 3954 1040 4021; baseline -0.012 -5"><span class='ocrx_word' id='word_1_400' title='bbox 236 3965 409 4017; x_wconf 84' lang='lat' dir='ltr'>emotionem.</span> <span class='ocrx_word' id='word_1_401' title='bbox 425 3959 500 4018; x_wconf 83' lang='lat' dir='ltr'>Cum</span> <span class='ocrx_word' id='word_1_402' title='bbox 511 3958 539 4011; x_wconf 92' lang='lat' dir='ltr'>in</span> <span class='ocrx_word' id='word_1_403' title='bbox 560 3955 699 4010; x_wconf 84' lang='lat' dir='ltr'>ueteribus</span> <span class='ocrx_word' id='word_1_404' title='bbox 711 3954 749 4009; x_wconf 88' lang='lat' dir='ltr'>sit</span> <span class='ocrx_word' id='word_1_405' title='bbox 761 3972 790 4005; x_wconf 81' lang='lat' dir='ltr'>rs</span> <span class='ocrx_word' id='word_1_406' title='bbox 803 3955 1040 4021; x_wconf 84' lang='lat' dir='ltr'>consecrationem,</span> 
     </span>
     <span class='ocr_line' id='line_1_55' title="bbox 215 3978 1040 4091; baseline -0.01 -2"><span class='ocrx_word' id='word_1_407' title='bbox 215 3978 334 4089; x_wconf 65' lang='lat' dir='ltr'>basileae</span> <span class='ocrx_word' id='word_1_408' title='bbox 349 4031 432 4088; x_wconf 89' lang='lat' dir='ltr'>editis</span> <span class='ocrx_word' id='word_1_409' title='bbox 455 4045 532 4084; x_wconf 88' lang='lat' dir='ltr'>anno</span> <span class='ocrx_word' id='word_1_410' title='bbox 560 4027 638 4091; x_wconf 77' lang='lat' dir='ltr'>itae,</span> <span class='ocrx_word' id='word_1_411' title='bbox 663 4031 693 4081; x_wconf 92' lang='lat' dir='ltr'>ut</span> <span class='ocrx_word' id='word_1_412' title='bbox 707 4025 735 4079; x_wconf 92' lang='lat' dir='ltr'>in</span> <span class='ocrx_word' id='word_1_413' title='bbox 757 4025 825 4080; x_wconf 89' lang='lat' dir='ltr'>Cod.</span> <span class='ocrx_word' id='word_1_414' title='bbox 839 4040 893 4079; x_wconf 89' lang='lat' dir='ltr'>ms.</span> <span class='ocrx_word' id='word_1_415' title='bbox 911 4023 1040 4081; x_wconf 86' lang='lat' dir='ltr'>biblioth.</span> 
     </span>
    </p>
   </div>
   <div class='ocr_carea' id='block_1_14' title="bbox 218 4097 833 4172">
    <p class='ocr_par' dir='ltr' id='par_1_16' title="bbox 218 4097 833 4172">
     <span class='ocr_line' id='line_1_56' title="bbox 218 4097 833 4172; baseline -0.015 -12"><span class='ocrx_word' id='word_1_416' title='bbox 218 4103 408 4168; x_wconf 65' lang='lat' dir='ltr'>corbeiensis,</span> <span class='ocrx_word' id='word_1_417' title='bbox 420 4103 449 4157; x_wconf 92' lang='lat' dir='ltr'>in</span> <span class='ocrx_word' id='word_1_418' title='bbox 465 4117 520 4172; x_wconf 90' lang='lat' dir='ltr'>quo</span> <span class='ocrx_word' id='word_1_419' title='bbox 536 4115 592 4153; x_wconf 94' lang='lat' dir='ltr'>nou</span> <span class='ocrx_word' id='word_1_420' title='bbox 607 4101 650 4154; x_wconf 88' lang='lat' dir='ltr'>est</span> <span class='ocrx_word' id='word_1_421' title='bbox 661 4101 689 4149; x_wconf 83' lang='grc' dir='ltr'>τὸ</span> <span class='ocrx_word' id='word_1_422' title='bbox 703 4097 833 4167; x_wconf 86' lang='lat' dir='ltr'>corporis.</span> 
     </span>
    </p>
   </div>
   <div class='ocr_carea' id='block_1_15' title="bbox 214 4191 1042 5472">
    <p class='ocr_par' dir='ltr' id='par_1_17' title="bbox 216 4191 1042 5191">
     <span class='ocr_line' id='line_1_57' title="bbox 252 4191 1042 4268; baseline -0.01 -11"><span class='ocrx_word' id='word_1_423' title='bbox 252 4203 314 4257; x_wconf 69' lang='lat'>747.</span> <span class='ocrx_word' id='word_1_424' title='bbox 331 4201 397 4266; x_wconf 77' lang='lat' dir='ltr'>nee</span> <span class='ocrx_word' id='word_1_425' title='bbox 410 4205 476 4254; x_wconf 85' lang='lat' dir='ltr'>sunt</span> <span class='ocrx_word' id='word_1_426' title='bbox 489 4196 592 4268; x_wconf 83' lang='lat' dir='ltr'>apeuda</span> <span class='ocrx_word' id='word_1_427' title='bbox 606 4193 759 4249; x_wconf 79' lang='lat' dir='ltr'>concedere.</span> <span class='ocrx_word' id='word_1_428' title='bbox 772 4194 804 4247; x_wconf 94' lang='lat' dir='ltr'>ln</span> <span class='ocrx_word' id='word_1_429' title='bbox 817 4191 974 4248; x_wconf 75' lang='lat' dir='ltr'>Pontificali</span> <span class='ocrx_word' id='word_1_430' title='bbox 990 4195 1042 4249; x_wconf 80' lang='lat' dir='ltr'>llo·</span> 
     </span>
     <span class='ocr_line' id='line_1_58' title="bbox 217 4265 1042 4340; baseline -0.01 -12"><span class='ocrx_word' id='word_1_431' title='bbox 217 4288 305 4328; x_wconf 87' lang='lat' dir='ltr'>mano</span> <span class='ocrx_word' id='word_1_432' title='bbox 321 4273 380 4327; x_wconf 83' lang='lat' dir='ltr'>haec</span> <span class='ocrx_word' id='word_1_433' title='bbox 396 4276 553 4340; x_wconf 82' lang='lat' dir='ltr'>sequuntur</span> <span class='ocrx_word' id='word_1_434' title='bbox 567 4265 751 4333; x_wconf 88' lang='lat' dir='ltr'>interpositu:</span> <span class='ocrx_word' id='word_1_435' title='bbox 765 4265 822 4319; x_wconf 88' lang='lat' dir='ltr'>Hir</span> <span class='ocrx_word' id='word_1_436' title='bbox 833 4265 905 4319; x_wconf 87' lang='lat' dir='ltr'>solus</span> <span class='ocrx_word' id='word_1_437' title='bbox 915 4266 1042 4335; x_wconf 74' lang='lat' dir='ltr'>poplites</span> 
     </span>
     <span class='ocr_line' id='line_1_59' title="bbox 216 4335 1041 4406; baseline -0.01 -7"><span class='ocrx_word' id='word_1_438' title='bbox 216 4360 326 4400; x_wconf 78' lang='lat' dir='ltr'>maurim</span> <span class='ocrx_word' id='word_1_439' title='bbox 335 4342 475 4396; x_wconf 74' lang='lat' dir='ltr'>desieram</span> <span class='ocrx_word' id='word_1_440' title='bbox 489 4337 632 4393; x_wconf 79' lang='lat' dir='ltr'>retendens</span> <span class='ocrx_word' id='word_1_441' title='bbox 644 4338 722 4406; x_wconf 87' lang='lat' dir='ltr'>ponit</span> <span class='ocrx_word' id='word_1_442' title='bbox 734 4351 815 4406; x_wconf 83' lang='lat' dir='ltr'>super</span> <span class='ocrx_word' id='word_1_443' title='bbox 833 4342 913 4406; x_wconf 90' lang='lat' dir='ltr'>caput</span> <span class='ocrx_word' id='word_1_444' title='bbox 928 4335 1041 4391; x_wconf 88' lang='lat' dir='ltr'>cuilibet</span> 
     </span>
     <span class='ocr_line' id='line_1_60' title="bbox 216 4406 1038 4478; baseline -0.011 -8"><span class='ocrx_word' id='word_1_445' title='bbox 216 4413 378 4477; x_wconf 87' lang='lat' dir='ltr'>ordinando,</span> <span class='ocrx_word' id='word_1_446' title='bbox 392 4419 419 4467; x_wconf 90' lang='lat' dir='ltr'>et</span> <span class='ocrx_word' id='word_1_447' title='bbox 434 4409 524 4465; x_wconf 79' lang='lat' dir='ltr'>trullus</span> <span class='ocrx_word' id='word_1_448' title='bbox 538 4408 619 4472; x_wconf 86' lang='lat' dir='ltr'>clius,</span> <span class='ocrx_word' id='word_1_449' title='bbox 645 4408 710 4478; x_wconf 81' lang='lat' dir='ltr'>puio</span> <span class='ocrx_word' id='word_1_450' title='bbox 735 4424 788 4461; x_wconf 83' lang='lat' dir='ltr'>nort</span> <span class='ocrx_word' id='word_1_451' title='bbox 801 4406 837 4460; x_wconf 90' lang='lat' dir='ltr'>ad</span> <span class='ocrx_word' id='word_1_452' title='bbox 848 4407 1038 4475; x_wconf 83' lang='lat' dir='ltr'>sacerdotium,</span> 
     </span>
     <span class='ocr_line' id='line_1_61' title="bbox 216 4478 1039 4549; baseline -0.01 -8"><span class='ocrx_word' id='word_1_453' title='bbox 216 4485 305 4541; x_wconf 90' lang='lat' dir='ltr'>sedad</span> <span class='ocrx_word' id='word_1_454' title='bbox 314 4484 500 4539; x_wconf 88' lang='lat' dir='ltr'>ministerium</span> <span class='ocrx_word' id='word_1_455' title='bbox 511 4486 693 4543; x_wconf 81' lang='lat' dir='ltr'>consecratur,</span> <span class='ocrx_word' id='word_1_456' title='bbox 702 4478 915 4548; x_wconf 82' lang='lat' dir='ltr'>direnssinpulis</span> <span class='ocrx_word' id='word_1_457' title='bbox 925 4495 933 4531; x_wconf 90' lang='lat'><em>:</em></span> <span class='ocrx_word' id='word_1_458' title='bbox 943 4478 1039 4549; x_wconf 82' lang='lat' dir='ltr'>Accipe</span> 
     </span>
     <span class='ocr_line' id='line_1_62' title="bbox 216 4549 1040 4630; baseline -0.008 -18"><span class='ocrx_word' id='word_1_459' title='bbox 216 4558 352 4630; x_wconf 85' lang='lat' dir='ltr'>Spiritum</span> <span class='ocrx_word' id='word_1_460' title='bbox 363 4561 485 4611; x_wconf 80' lang='lat' dir='ltr'>mustum</span> <span class='ocrx_word' id='word_1_461' title='bbox 499 4552 535 4606; x_wconf 91' lang='lat' dir='ltr'>ad</span> <span class='ocrx_word' id='word_1_462' title='bbox 547 4550 641 4615; x_wconf 87' lang='lat' dir='ltr'>robur,</span> <span class='ocrx_word' id='word_1_463' title='bbox 654 4557 680 4605; x_wconf 91' lang='lat' dir='ltr'>et</span> <span class='ocrx_word' id='word_1_464' title='bbox 690 4549 725 4603; x_wconf 93' lang='lat' dir='ltr'>ad</span> <span class='ocrx_word' id='word_1_465' title='bbox 736 4549 919 4604; x_wconf 88' lang='lat' dir='ltr'>resistendum</span> <span class='ocrx_word' id='word_1_466' title='bbox 932 4549 1040 4605; x_wconf 88' lang='lat' dir='ltr'>diabolo</span> 
     </span>
     <span class='ocr_line' id='line_1_63' title="bbox 217 4621 1040 4695; baseline -0.01 -11"><span class='ocrx_word' id='word_1_467' title='bbox 217 4637 243 4685; x_wconf 88' lang='lat' dir='ltr'>et</span> <span class='ocrx_word' id='word_1_468' title='bbox 258 4626 453 4683; x_wconf 87' lang='lat' dir='ltr'>tenttnionibus</span> <span class='ocrx_word' id='word_1_469' title='bbox 466 4626 524 4695; x_wconf 79' lang='lat' dir='ltr'>ejus</span> <span class='ocrx_word' id='word_1_470' title='bbox 541 4624 570 4677; x_wconf 86' lang='lat' dir='ltr'>in</span> <span class='ocrx_word' id='word_1_471' title='bbox 594 4622 700 4677; x_wconf 89' lang='lat' dir='ltr'>nomine</span> <span class='ocrx_word' id='word_1_472' title='bbox 715 4621 836 4676; x_wconf 80' lang='lat' dir='ltr'>Domini.</span> <span class='ocrx_word' id='word_1_473' title='bbox 864 4621 930 4685; x_wconf 73' lang='lat' dir='ltr'>Quae</span> <span class='ocrx_word' id='word_1_474' title='bbox 944 4621 1040 4691; x_wconf 88' lang='lat' dir='ltr'>priora</span> 
     </span>
     <span class='ocr_line' id='line_1_64' title="bbox 217 4689 1039 4766; baseline -0.013 -9"><span class='ocrx_word' id='word_1_475' title='bbox 217 4702 312 4766; x_wconf 79' lang='lat' dir='ltr'>rerba,</span> <span class='ocrx_word' id='word_1_476' title='bbox 330 4699 464 4754; x_wconf 88' lang='lat' dir='ltr'>llicsotus</span> <span class='ocrx_word' id='word_1_477' title='bbox 482 4694 618 4766; x_wconf 71' lang='lat' dir='ltr'>piontiiea,</span> <span class='ocrx_word' id='word_1_478' title='bbox 644 4698 711 4757; x_wconf 81' lang='lat' dir='ltr'>etc,</span> <span class='ocrx_word' id='word_1_479' title='bbox 733 4696 784 4747; x_wconf 88' lang='lat' dir='ltr'>aut</span> <span class='ocrx_word' id='word_1_480' title='bbox 808 4689 911 4747; x_wconf 89' lang='lat' dir='ltr'>saltem</span> <span class='ocrx_word' id='word_1_481' title='bbox 932 4691 1039 4747; x_wconf 88' lang='lat' dir='ltr'>similia</span> 
     </span>
     <span class='ocr_line' id='line_1_65' title="bbox 217 4762 1039 4827; baseline -0.01 0"><span class='ocrx_word' id='word_1_482' title='bbox 217 4789 275 4827; x_wconf 91' lang='lat' dir='ltr'>non</span> <span class='ocrx_word' id='word_1_483' title='bbox 290 4772 434 4826; x_wconf 88' lang='lat' dir='ltr'>habentur</span> <span class='ocrx_word' id='word_1_484' title='bbox 449 4766 575 4822; x_wconf 90' lang='lat' dir='ltr'>hocloco</span> <span class='ocrx_word' id='word_1_485' title='bbox 589 4765 617 4819; x_wconf 91' lang='lat' dir='ltr'>in</span> <span class='ocrx_word' id='word_1_486' title='bbox 634 4762 759 4827; x_wconf 80' lang='lat' dir='ltr'>Eacusis,</span> <span class='ocrx_word' id='word_1_487' title='bbox 779 4778 831 4818; x_wconf 91' lang='lat' dir='ltr'>nec</span> <span class='ocrx_word' id='word_1_488' title='bbox 845 4762 875 4817; x_wconf 92' lang='lat' dir='ltr'>in</span> <span class='ocrx_word' id='word_1_489' title='bbox 889 4763 1039 4819; x_wconf 88' lang='lat' dir='ltr'>Codicibue</span> 
     </span>
     <span class='ocr_line' id='line_1_66' title="bbox 217 4834 1037 4903; baseline -0.01 -5"><span class='ocrx_word' id='word_1_490' title='bbox 217 4840 371 4899; x_wconf 83' lang='lat' dir='ltr'>Rhemansi</span> <span class='ocrx_word' id='word_1_491' title='bbox 384 4847 413 4897; x_wconf 90' lang='lat' dir='ltr'>et</span> <span class='ocrx_word' id='word_1_492' title='bbox 424 4838 547 4903; x_wconf 76' lang='lat' dir='ltr'>liutoldi,</span> <span class='ocrx_word' id='word_1_493' title='bbox 561 4852 613 4892; x_wconf 87' lang='lat' dir='ltr'>nec</span> <span class='ocrx_word' id='word_1_494' title='bbox 632 4836 661 4890; x_wconf 92' lang='lat' dir='ltr'>in</span> <span class='ocrx_word' id='word_1_495' title='bbox 673 4834 774 4889; x_wconf 84' lang='lat' dir='ltr'>Codice</span> <span class='ocrx_word' id='word_1_496' title='bbox 786 4834 907 4897; x_wconf 88' lang='lat' dir='ltr'>Tiliano,</span> <span class='ocrx_word' id='word_1_497' title='bbox 933 4851 985 4889; x_wconf 90' lang='lat' dir='ltr'>nec</span> <span class='ocrx_word' id='word_1_498' title='bbox 1008 4836 1037 4890; x_wconf 92' lang='lat' dir='ltr'>in</span> 
     </span>
     <span class='ocr_line' id='line_1_67' title="bbox 218 4904 1035 4979; baseline -0.012 -8"><span class='ocrx_word' id='word_1_499' title='bbox 218 4915 323 4970; x_wconf 87' lang='lat' dir='ltr'>Ordine</span> <span class='ocrx_word' id='word_1_500' title='bbox 339 4916 478 4969; x_wconf 82' lang='lat' dir='ltr'>llomauo.</span> <span class='ocrx_word' id='word_1_501' title='bbox 492 4909 543 4965; x_wconf 86' lang='lat' dir='ltr'>sed</span> <span class='ocrx_word' id='word_1_502' title='bbox 569 4907 779 4979; x_wconf 83' lang='lat' dir='ltr'>praemittuntur</span> <span class='ocrx_word' id='word_1_503' title='bbox 805 4904 933 4961; x_wconf 83' lang='lat' dir='ltr'>Orationi</span> <span class='ocrx_word' id='word_1_504' title='bbox 955 4905 1035 4961; x_wconf 91' lang='lat' dir='ltr'>huic:</span> 
     </span>
     <span class='ocr_line' id='line_1_68' title="bbox 217 4977 1036 5049; baseline -0.013 -7"><span class='ocrx_word' id='word_1_505' title='bbox 217 4987 340 5049; x_wconf 82' lang='lat' dir='ltr'>Oreum,</span> <span class='ocrx_word' id='word_1_506' title='bbox 364 4981 546 5045; x_wconf 85' lang='lat' dir='ltr'>dilectissimi,</span> <span class='ocrx_word' id='word_1_507' title='bbox 573 4981 657 5034; x_wconf 85' lang='lat' dir='ltr'>Deum</span> <span class='ocrx_word' id='word_1_508' title='bbox 685 4978 795 5033; x_wconf 88' lang='lat' dir='ltr'>Patrem</span> <span class='ocrx_word' id='word_1_509' title='bbox 819 4977 1036 5047; x_wconf 82' lang='lat' dir='ltr'>omnipotentem,</span> 
     </span>
     <span class='ocr_line' id='line_1_69' title="bbox 216 5048 1038 5130; baseline -0.011 -17"><span class='ocrx_word' id='word_1_510' title='bbox 216 5061 269 5113; x_wconf 89' lang='lat' dir='ltr'>eto.</span> <span class='ocrx_word' id='word_1_511' title='bbox 284 5055 500 5112; x_wconf 85' lang='lat' dir='ltr'>lnCodicerero</span> <span class='ocrx_word' id='word_1_512' title='bbox 514 5050 637 5107; x_wconf 81' lang='lat' dir='ltr'>liodradi</span> <span class='ocrx_word' id='word_1_513' title='bbox 651 5066 791 5130; x_wconf 81' lang='lat' dir='ltr'>nusquam</span> <span class='ocrx_word' id='word_1_514' title='bbox 808 5050 960 5113; x_wconf 87' lang='lat' dir='ltr'>habentur,</span> <span class='ocrx_word' id='word_1_515' title='bbox 970 5048 1038 5119; x_wconf 86' lang='lat' dir='ltr'>quia</span> 
     </span>
     <span class='ocr_line' id='line_1_70' title="bbox 216 5119 1035 5191; baseline -0.011 -8"><span class='ocrx_word' id='word_1_516' title='bbox 216 5127 244 5183; x_wconf 93' lang='lat' dir='ltr'>in</span> <span class='ocrx_word' id='word_1_517' title='bbox 254 5145 288 5183; x_wconf 86' lang='lat' dir='ltr'>eo</span> <span class='ocrx_word' id='word_1_518' title='bbox 304 5126 389 5181; x_wconf 80' lang='lat' dir='ltr'>nullae</span> <span class='ocrx_word' id='word_1_519' title='bbox 404 5129 471 5180; x_wconf 88' lang='lat' dir='ltr'>sunt</span> <span class='ocrx_word' id='word_1_520' title='bbox 484 5122 602 5178; x_wconf 75' lang='lat' dir='ltr'>rubricae</span> <span class='ocrx_word' id='word_1_521' title='bbox 616 5120 643 5176; x_wconf 90' lang='lat' dir='ltr'>in</span> <span class='ocrx_word' id='word_1_522' title='bbox 658 5119 888 5175; x_wconf 84' lang='lat' dir='ltr'>ordinationibus</span> <span class='ocrx_word' id='word_1_523' title='bbox 899 5119 1035 5191; x_wconf 89' lang='lat' dir='ltr'>episcopi,</span> 
     </span>
    </p>

    <p class='ocr_par' dir='ltr' id='par_1_18' title="bbox 214 5191 1036 5472">
     <span class='ocr_line' id='line_1_71' title="bbox 236 5191 1035 5260; baseline -0.008 -7"><span class='ocrx_word' id='word_1_524' title='bbox 236 5200 299 5255; x_wconf 89' lang='lat' dir='ltr'>resb</span> <span class='ocrx_word' id='word_1_525' title='bbox 319 5197 382 5260; x_wconf 88' lang='lat' dir='ltr'>leri,</span> <span class='ocrx_word' id='word_1_526' title='bbox 402 5203 430 5251; x_wconf 91' lang='lat' dir='ltr'>et</span> <span class='ocrx_word' id='word_1_527' title='bbox 444 5193 566 5249; x_wconf 91' lang='lat' dir='ltr'>diaconi.</span> <span class='ocrx_word' id='word_1_528' title='bbox 599 5191 759 5247; x_wconf 82' lang='lat' dir='ltr'>Posteriora</span> <span class='ocrx_word' id='word_1_529' title='bbox 785 5208 850 5246; x_wconf 84' lang='lat' dir='ltr'>vero</span> <span class='ocrx_word' id='word_1_530' title='bbox 876 5191 926 5246; x_wconf 89' lang='lat' dir='ltr'>illa</span> <span class='ocrx_word' id='word_1_531' title='bbox 941 5192 1035 5247; x_wconf 85' lang='lat' dir='ltr'>rerba.</span> 
     </span>
     <span class='ocr_line' id='line_1_72' title="bbox 214 5216 1034 5343; baseline -0.011 -18"><span class='ocrx_word' id='word_1_532' title='bbox 214 5216 448 5343; x_wconf 65' lang='lat' dir='ltr'>iinmsiisdieem</span> <span class='ocrx_word' id='word_1_533' title='bbox 478 5267 567 5335; x_wconf 87' lang='lat' dir='ltr'>accipe</span> <span class='ocrx_word' id='word_1_534' title='bbox 590 5263 725 5335; x_wconf 87' lang='lat' dir='ltr'>Spiritum</span> <span class='ocrx_word' id='word_1_535' title='bbox 743 5270 865 5317; x_wconf 87' lang='lat' dir='ltr'>sanctam</span> <span class='ocrx_word' id='word_1_536' title='bbox 892 5261 927 5316; x_wconf 91' lang='lat' dir='ltr'>ad</span> <span class='ocrx_word' id='word_1_537' title='bbox 941 5261 1034 5327; x_wconf 89' lang='lat' dir='ltr'>robur,</span> 
     </span>
     <span class='ocr_line' id='line_1_73' title="bbox 214 5332 1033 5412; baseline -0.011 -14"><span class='ocrx_word' id='word_1_538' title='bbox 214 5348 280 5412; x_wconf 89' lang='lat' dir='ltr'>etc.,</span> <span class='ocrx_word' id='word_1_539' title='bbox 296 5340 462 5397; x_wconf 88' lang='lat' dir='ltr'>nullatenus</span> <span class='ocrx_word' id='word_1_540' title='bbox 472 5336 624 5392; x_wconf 76' lang='lat' dir='ltr'>exstantia</span> <span class='ocrx_word' id='word_1_541' title='bbox 640 5334 793 5397; x_wconf 83' lang='lat' dir='ltr'>Editis,nec</span> <span class='ocrx_word' id='word_1_542' title='bbox 807 5332 912 5387; x_wconf 84' lang='lat' dir='ltr'>inullis</span> <span class='ocrx_word' id='word_1_543' title='bbox 928 5334 1033 5389; x_wconf 90' lang='lat' dir='ltr'>Codici-</span> 
     </span>
     <span class='ocr_line' id='line_1_74' title="bbox 214 5403 1036 5472; baseline -0.011 -2"><span class='ocrx_word' id='word_1_544' title='bbox 214 5414 266 5470; x_wconf 90' lang='lat' dir='ltr'>bus</span> <span class='ocrx_word' id='word_1_545' title='bbox 292 5412 397 5468; x_wconf 87' lang='lat' dir='ltr'>nostris</span> <span class='ocrx_word' id='word_1_546' title='bbox 424 5424 504 5472; x_wconf 74' lang='lat' dir='ltr'>mss„</span> <span class='ocrx_word' id='word_1_547' title='bbox 531 5408 585 5462; x_wconf 92' lang='lat' dir='ltr'>hoc</span> <span class='ocrx_word' id='word_1_548' title='bbox 598 5410 652 5471; x_wconf 88' lang='lat' dir='ltr'>est,</span> <span class='ocrx_word' id='word_1_549' title='bbox 670 5403 833 5469; x_wconf 80' lang='lat' dir='ltr'>lihamensi,</span> <span class='ocrx_word' id='word_1_550' title='bbox 851 5405 986 5469; x_wconf 81' lang='lat' dir='ltr'>liodradi,</span> <span class='ocrx_word' id='word_1_551' title='bbox 1007 5409 1036 5461; x_wconf 89' lang='lat' dir='ltr'>et</span> 
     </span>
    </p>
   </div>
   <div class='ocr_carea' id='block_1_16' title="bbox 1096 424 1969 3063">
    <p class='ocr_par' dir='ltr' id='par_1_19' title="bbox 1111 424 1201 483">
     <span class='ocr_line' id='line_1_75' title="bbox 1111 424 1201 483; baseline 0.022 -2"><span class='ocrx_word' id='word_1_552' title='bbox 1111 424 1201 483; x_wconf 89' lang='lat' dir='ltr'>liano.</span> 
     </span>
    </p>

    <p class='ocr_par' dir='ltr' id='par_1_20' title="bbox 1109 497 1910 1123">
     <span class='ocr_line' id='line_1_76' title="bbox 1144 497 1908 572; baseline 0.014 -21"><span class='ocrx_word' id='word_1_553' title='bbox 1144 497 1206 552; x_wconf 78' lang='lat' dir='ltr'>tte.</span> <span class='ocrx_word' id='word_1_554' title='bbox 1221 499 1333 564; x_wconf 84' lang='lat' dir='ltr'>Quando</span> <span class='ocrx_word' id='word_1_555' title='bbox 1361 503 1457 557; x_wconf 85' lang='lat' dir='ltr'>stolam</span> <span class='ocrx_word' id='word_1_556' title='bbox 1476 500 1578 568; x_wconf 84' lang='lat' dir='ltr'>induis,</span> <span class='ocrx_word' id='word_1_557' title='bbox 1612 516 1644 556; x_wconf 90' lang='lat' dir='ltr'>er</span> <span class='ocrx_word' id='word_1_558' title='bbox 1663 501 1707 557; x_wconf 86' lang='lat' dir='ltr'>boc</span> <span class='ocrx_word' id='word_1_559' title='bbox 1726 503 1824 572; x_wconf 84' lang='lat' dir='ltr'>sipnun</span> <span class='ocrx_word' id='word_1_560' title='bbox 1848 507 1908 563; x_wconf 82' lang='lat' dir='ltr'>cobis</span> 
     </span>
     <span class='ocr_line' id='line_1_77' title="bbox 1109 517 1907 651; baseline 0.018 -30"><span class='ocrx_word' id='word_1_561' title='bbox 1109 566 1266 651; x_wconf 80' lang='lat' dir='ltr'>diaconatus</span> <span class='ocrx_word' id='word_1_562' title='bbox 1280 570 1410 643; x_wconf 75' lang='lat' dir='ltr'>officium.</span> <span class='ocrx_word' id='word_1_563' title='bbox 1427 577 1483 628; x_wconf 90' lang='lat' dir='ltr'>ete.</span> <span class='ocrx_word' id='word_1_564' title='bbox 1504 573 1570 627; x_wconf 74' lang='lat' dir='ltr'>Erec</span> <span class='ocrx_word' id='word_1_565' title='bbox 1579 517 1770 629; x_wconf 63' lang='lat' dir='ltr'>dissocientur</span> <span class='ocrx_word' id='word_1_566' title='bbox 1783 577 1809 630; x_wconf 92' lang='lat' dir='ltr'>in</span> <span class='ocrx_word' id='word_1_567' title='bbox 1821 577 1907 636; x_wconf 88' lang='lat' dir='ltr'>Codice</span> 
     </span>
     <span class='ocr_line' id='line_1_78' title="bbox 1112 641 1908 704; baseline 0.015 -12"><span class='ocrx_word' id='word_1_568' title='bbox 1112 641 1245 698; x_wconf 83' lang='lat' dir='ltr'>Rodradr.</span> <span class='ocrx_word' id='word_1_569' title='bbox 1260 642 1291 697; x_wconf 92' lang='lat' dir='ltr'>ln</span> <span class='ocrx_word' id='word_1_570' title='bbox 1306 644 1409 700; x_wconf 89' lang='lat' dir='ltr'>Codice</span> <span class='ocrx_word' id='word_1_571' title='bbox 1438 643 1550 699; x_wconf 83' lang='lat' dir='ltr'>liutoldi</span> <span class='ocrx_word' id='word_1_572' title='bbox 1568 643 1691 698; x_wconf 81' lang='lat' dir='ltr'>formula</span> <span class='ocrx_word' id='word_1_573' title='bbox 1712 647 1847 701; x_wconf 81' lang='lat' dir='ltr'>verborum</span> <span class='ocrx_word' id='word_1_574' title='bbox 1860 649 1908 704; x_wconf 88' lang='lat' dir='ltr'>sin·</span> 
     </span>
     <span class='ocr_line' id='line_1_79' title="bbox 1109 711 1908 781; baseline 0.015 -16"><span class='ocrx_word' id='word_1_575' title='bbox 1109 711 1246 781; x_wconf 80' lang='lat' dir='ltr'>gulsriter</span> <span class='ocrx_word' id='word_1_576' title='bbox 1260 714 1386 770; x_wconf 78' lang='lat' dir='ltr'>effertur.</span> <span class='ocrx_word' id='word_1_577' title='bbox 1414 715 1443 770; x_wconf 91' lang='lat' dir='ltr'>In</span> <span class='ocrx_word' id='word_1_578' title='bbox 1460 714 1561 771; x_wconf 85' lang='lat' dir='ltr'>Codice</span> <span class='ocrx_word' id='word_1_579' title='bbox 1585 718 1614 770; x_wconf 91' lang='lat' dir='ltr'>et</span> <span class='ocrx_word' id='word_1_580' title='bbox 1628 715 1779 771; x_wconf 87' lang='lat' dir='ltr'>Pontilleali</span> <span class='ocrx_word' id='word_1_581' title='bbox 1796 718 1908 777; x_wconf 84' lang='lat' dir='ltr'>Romano</span> 
     </span>
     <span class='ocr_line' id='line_1_80' title="bbox 1109 782 1908 846; baseline 0.014 -11"><span class='ocrx_word' id='word_1_582' title='bbox 1109 782 1183 838; x_wconf 88' lang='lat' dir='ltr'>stola</span> <span class='ocrx_word' id='word_1_583' title='bbox 1198 785 1326 841; x_wconf 86' lang='lat' dir='ltr'>induitur</span> <span class='ocrx_word' id='word_1_584' title='bbox 1340 787 1392 841; x_wconf 91' lang='lat' dir='ltr'>sub</span> <span class='ocrx_word' id='word_1_585' title='bbox 1405 785 1463 840; x_wconf 87' lang='lat' dir='ltr'>alia</span> <span class='ocrx_word' id='word_1_586' title='bbox 1473 787 1624 841; x_wconf 83' lang='lat' dir='ltr'>verborum</span> <span class='ocrx_word' id='word_1_587' title='bbox 1635 787 1762 843; x_wconf 86' lang='lat' dir='ltr'>turmula.</span> <span class='ocrx_word' id='word_1_588' title='bbox 1779 789 1806 842; x_wconf 92' lang='lat' dir='ltr'>lu</span> <span class='ocrx_word' id='word_1_589' title='bbox 1822 792 1908 846; x_wconf 86' lang='lat' dir='ltr'>eodem</span> 
     </span>
     <span class='ocr_line' id='line_1_81' title="bbox 1110 853 1909 930; baseline 0.014 -23"><span class='ocrx_word' id='word_1_590' title='bbox 1110 853 1215 911; x_wconf 88' lang='lat' dir='ltr'>Ordine</span> <span class='ocrx_word' id='word_1_591' title='bbox 1232 860 1360 912; x_wconf 85' lang='lat' dir='ltr'>Romano</span> <span class='ocrx_word' id='word_1_592' title='bbox 1375 859 1502 929; x_wconf 88' lang='lat' dir='ltr'>sequitur</span> <span class='ocrx_word' id='word_1_593' title='bbox 1515 856 1632 912; x_wconf 88' lang='lat' dir='ltr'>traditio</span> <span class='ocrx_word' id='word_1_594' title='bbox 1653 858 1699 915; x_wconf 88' lang='lat' dir='ltr'>lib.</span> <span class='ocrx_word' id='word_1_595' title='bbox 1713 860 1909 930; x_wconf 76' lang='lat' dir='ltr'>Evangeliorum</span> 
     </span>
     <span class='ocr_line' id='line_1_82' title="bbox 1109 926 1910 1011; baseline 0.009 -31"><span class='ocrx_word' id='word_1_596' title='bbox 1109 928 1161 1006; x_wconf 85' lang='lat' dir='ltr'>sub</span> <span class='ocrx_word' id='word_1_597' title='bbox 1176 926 1230 982; x_wconf 88' lang='lat' dir='ltr'>hac</span> <span class='ocrx_word' id='word_1_598' title='bbox 1245 927 1358 984; x_wconf 81' lang='lat' dir='ltr'>torma:</span> <span class='ocrx_word' id='word_1_599' title='bbox 1372 928 1494 1010; x_wconf 79' lang='lat' dir='ltr'>Accipite</span> <span class='ocrx_word' id='word_1_600' title='bbox 1515 935 1671 1011; x_wconf 82' lang='lat' dir='ltr'>potestatem</span> <span class='ocrx_word' id='word_1_601' title='bbox 1693 929 1791 999; x_wconf 76' lang='lat' dir='ltr'>hpeudi</span> <span class='ocrx_word' id='word_1_602' title='bbox 1807 932 1859 985; x_wconf 86' lang='lat' dir='ltr'>Era</span> <span class='ocrx_word' id='word_1_603' title='bbox 1889 950 1910 987; x_wconf 91' lang='lat' dir='ltr'>e-</span> 
     </span>
     <span class='ocr_line' id='line_1_83' title="bbox 1109 996 1909 1121; baseline 0.009 -70"><span class='ocrx_word' id='word_1_604' title='bbox 1109 996 1187 1121; x_wconf 59' lang='lat' dir='ltr'>l‘mm’</span> <span class='ocrx_word' id='word_1_605' title='bbox 1199 1003 1265 1064; x_wconf 80' lang='lat' dir='ltr'>ete,</span> <span class='ocrx_word' id='word_1_606' title='bbox 1282 1000 1349 1056; x_wconf 91' lang='lat' dir='ltr'>utin</span> <span class='ocrx_word' id='word_1_607' title='bbox 1363 1000 1523 1057; x_wconf 86' lang='lat' dir='ltr'>Pontrllcalr</span> <span class='ocrx_word' id='word_1_608' title='bbox 1539 1001 1679 1065; x_wconf 87' lang='lat' dir='ltr'>Romano,</span> <span class='ocrx_word' id='word_1_609' title='bbox 1693 1004 1720 1056; x_wconf 92' lang='lat' dir='ltr'>el</span> <span class='ocrx_word' id='word_1_610' title='bbox 1734 1000 1862 1059; x_wconf 89' lang='lat' dir='ltr'>inCodice</span> <span class='ocrx_word' id='word_1_611' title='bbox 1890 1004 1909 1058; x_wconf 95' lang='lat' dir='ltr'>i-</span> 
     </span>
     <span class='ocr_line' id='line_1_84' title="bbox 1120 1083 1197 1123; baseline 0.013 -2"><span class='ocrx_word' id='word_1_612' title='bbox 1120 1083 1197 1123; x_wconf 86' lang='lat' dir='ltr'>rano.</span> 
     </span>
    </p>

    <p class='ocr_par' dir='ltr' id='par_1_21' title="bbox 1096 1137 1969 3063">
     <span class='ocr_line' id='line_1_85' title="bbox 1144 1137 1910 1224; baseline 0.007 -30"><span class='ocrx_word' id='word_1_613' title='bbox 1144 1137 1201 1195; x_wconf 89' lang='lat' dir='ltr'>Sed</span> <span class='ocrx_word' id='word_1_614' title='bbox 1221 1141 1284 1196; x_wconf 83' lang='lat' dir='ltr'>brec</span> <span class='ocrx_word' id='word_1_615' title='bbox 1303 1141 1445 1212; x_wconf 90' lang='lat' dir='ltr'>porrectio</span> <span class='ocrx_word' id='word_1_616' title='bbox 1471 1140 1536 1196; x_wconf 90' lang='lat' dir='ltr'>libri</span> <span class='ocrx_word' id='word_1_617' title='bbox 1558 1140 1772 1224; x_wconf 72' lang='lat' dir='ltr'>Evangeliorum</span> <span class='ocrx_word' id='word_1_618' title='bbox 1795 1159 1851 1198; x_wconf 83' lang='lat' dir='ltr'>cunr</span> <span class='ocrx_word' id='word_1_619' title='bbox 1867 1161 1910 1199; x_wconf 87' lang='lat' dir='ltr'>sus</span> 
     </span>
     <span class='ocr_line' id='line_1_86' title="bbox 1109 1208 1910 1277; baseline 0.007 -13"><span class='ocrx_word' id='word_1_620' title='bbox 1109 1208 1204 1266; x_wconf 86' lang='lat' dir='ltr'>lorrna</span> <span class='ocrx_word' id='word_1_621' title='bbox 1218 1213 1299 1268; x_wconf 88' lang='lat' dir='ltr'>abest</span> <span class='ocrx_word' id='word_1_622' title='bbox 1311 1214 1347 1268; x_wconf 92' lang='lat' dir='ltr'>ah</span> <span class='ocrx_word' id='word_1_623' title='bbox 1361 1213 1459 1277; x_wconf 85' lang='lat' dir='ltr'>Editis,</span> <span class='ocrx_word' id='word_1_624' title='bbox 1474 1218 1503 1269; x_wconf 92' lang='lat' dir='ltr'>et</span> <span class='ocrx_word' id='word_1_625' title='bbox 1519 1230 1536 1267; x_wconf 86' lang='lat' dir='ltr'>a</span> <span class='ocrx_word' id='word_1_626' title='bbox 1550 1213 1699 1269; x_wconf 84' lang='lat' dir='ltr'>Codicibus</span> <span class='ocrx_word' id='word_1_627' title='bbox 1712 1214 1910 1276; x_wconf 76' lang='lat' dir='ltr'>lihemensilio</span> 
     </span>
     <span class='ocr_line' id='line_1_87' title="bbox 1108 1282 1911 1357; baseline 0.007 -22"><span class='ocrx_word' id='word_1_628' title='bbox 1108 1282 1201 1345; x_wconf 81' lang='lat' dir='ltr'>dradi,</span> <span class='ocrx_word' id='word_1_629' title='bbox 1214 1289 1243 1338; x_wconf 89' lang='lat' dir='ltr'>et</span> <span class='ocrx_word' id='word_1_630' title='bbox 1257 1285 1380 1347; x_wconf 78' lang='lat' dir='ltr'>lietoldi,</span> <span class='ocrx_word' id='word_1_631' title='bbox 1395 1301 1446 1340; x_wconf 91' lang='lat' dir='ltr'>nee</span> <span class='ocrx_word' id='word_1_632' title='bbox 1466 1284 1585 1339; x_wconf 88' lang='lat' dir='ltr'>habetur</span> <span class='ocrx_word' id='word_1_633' title='bbox 1600 1284 1629 1340; x_wconf 91' lang='lat' dir='ltr'>in</span> <span class='ocrx_word' id='word_1_634' title='bbox 1654 1284 1770 1340; x_wconf 89' lang='lat' dir='ltr'>concilio</span> <span class='ocrx_word' id='word_1_635' title='bbox 1781 1285 1911 1357; x_wconf 75' lang='lat' dir='ltr'>Cartbagi-</span> 
     </span>
     <span class='ocr_line' id='line_1_88' title="bbox 1108 1353 1909 1426; baseline 0.007 -21"><span class='ocrx_word' id='word_1_636' title='bbox 1108 1353 1189 1408; x_wconf 90' lang='lat' dir='ltr'>nensi</span> <span class='ocrx_word' id='word_1_637' title='bbox 1203 1370 1238 1418; x_wconf 87' lang='lat' dir='ltr'>iv,</span> <span class='ocrx_word' id='word_1_638' title='bbox 1255 1371 1308 1410; x_wconf 90' lang='lat' dir='ltr'>nec</span> <span class='ocrx_word' id='word_1_639' title='bbox 1321 1356 1395 1426; x_wconf 89' lang='lat' dir='ltr'>apud</span> <span class='ocrx_word' id='word_1_640' title='bbox 1411 1360 1543 1411; x_wconf 87' lang='lat' dir='ltr'>sanctum</span> <span class='ocrx_word' id='word_1_641' title='bbox 1553 1361 1554 1365; x_wconf 77' lang='grc'>’</span> <span class='ocrx_word' id='word_1_642' title='bbox 1565 1355 1716 1419; x_wconf 86' lang='lat' dir='ltr'>lsidorum,</span> <span class='ocrx_word' id='word_1_643' title='bbox 1738 1355 1909 1425; x_wconf 80' lang='lat' dir='ltr'>Amalarium,</span> 
     </span>
     <span class='ocr_line' id='line_1_89' title="bbox 1106 1424 1911 1505; baseline 0.005 -28"><span class='ocrx_word' id='word_1_644' title='bbox 1106 1424 1270 1505; x_wconf 67' lang='lat' dir='ltr'>hlcuinum.</span> <span class='ocrx_word' id='word_1_645' title='bbox 1287 1430 1315 1481; x_wconf 87' lang='lat' dir='ltr'>et</span> <span class='ocrx_word' id='word_1_646' title='bbox 1329 1428 1477 1482; x_wconf 82' lang='lat' dir='ltr'>Rabanum</span> <span class='ocrx_word' id='word_1_647' title='bbox 1493 1443 1500 1491; x_wconf 94' lang='grc'>;</span> <span class='ocrx_word' id='word_1_648' title='bbox 1514 1443 1567 1481; x_wconf 90' lang='lat' dir='ltr'>uec</span> <span class='ocrx_word' id='word_1_649' title='bbox 1581 1431 1643 1482; x_wconf 89' lang='lat' dir='ltr'>erat</span> <span class='ocrx_word' id='word_1_650' title='bbox 1666 1427 1734 1482; x_wconf 88' lang='lat' dir='ltr'>olim</span> <span class='ocrx_word' id='word_1_651' title='bbox 1748 1426 1775 1483; x_wconf 89' lang='lat' dir='ltr'>in</span> <span class='ocrx_word' id='word_1_652' title='bbox 1791 1427 1911 1499; x_wconf 81' lang='lat' dir='ltr'>antiquis·</span> 
     </span>
     <span class='ocr_line' id='line_1_90' title="bbox 1106 1496 1969 1569; baseline 0.003 -19"><span class='ocrx_word' id='word_1_653' title='bbox 1106 1512 1180 1550; x_wconf 84' lang='lat' dir='ltr'>srino</span> <span class='ocrx_word' id='word_1_654' title='bbox 1206 1497 1357 1553; x_wconf 89' lang='lat' dir='ltr'>Ordinario</span> <span class='ocrx_word' id='word_1_655' title='bbox 1386 1497 1516 1553; x_wconf 77' lang='lat' dir='ltr'>Ecclesiae</span> <span class='ocrx_word' id='word_1_656' title='bbox 1543 1496 1700 1554; x_wconf 67' lang='lat' dir='ltr'>tuiciensis</span> <span class='ocrx_word' id='word_1_657' title='bbox 1723 1515 1777 1569; x_wconf 84' lang='lat' dir='ltr'>quo</span> <span class='ocrx_word' id='word_1_658' title='bbox 1796 1499 1912 1553; x_wconf 86' lang='lat' dir='ltr'>utebatur</span> <span class='ocrx_word' id='word_1_659' title='bbox 1968 1500 1969 1503; x_wconf 73' lang='grc'>’</span> 
     </span>
     <span class='ocr_line' id='line_1_91' title="bbox 1107 1566 1909 1639; baseline 0.004 -19"><span class='ocrx_word' id='word_1_660' title='bbox 1107 1566 1258 1623; x_wconf 84' lang='lat' dir='ltr'>Oursndus</span> <span class='ocrx_word' id='word_1_661' title='bbox 1273 1569 1300 1623; x_wconf 92' lang='lat' dir='ltr'>in</span> <span class='ocrx_word' id='word_1_662' title='bbox 1317 1570 1451 1624; x_wconf 86' lang='lat' dir='ltr'>ordinum</span> <span class='ocrx_word' id='word_1_663' title='bbox 1471 1568 1634 1631; x_wconf 85' lang='lat' dir='ltr'>collatione,</span> <span class='ocrx_word' id='word_1_664' title='bbox 1649 1574 1680 1624; x_wconf 91' lang='lat' dir='ltr'>ut</span> <span class='ocrx_word' id='word_1_665' title='bbox 1693 1569 1751 1639; x_wconf 90' lang='lat' dir='ltr'>ipse</span> <span class='ocrx_word' id='word_1_666' title='bbox 1765 1572 1875 1624; x_wconf 85' lang='lat' dir='ltr'>testetur</span> <span class='ocrx_word' id='word_1_667' title='bbox 1887 1569 1909 1623; x_wconf 91' lang='lat' dir='ltr'>in</span> 
     </span>
     <span class='ocr_line' id='line_1_92' title="bbox 1106 1640 1912 1712; baseline 0.005 -22"><span class='ocrx_word' id='word_1_668' title='bbox 1106 1643 1230 1703; x_wconf 72' lang='lat' dir='ltr'>issent,</span> <span class='ocrx_word' id='word_1_669' title='bbox 1258 1641 1325 1695; x_wconf 91' lang='lat' dir='ltr'>dist.</span> <span class='ocrx_word' id='word_1_670' title='bbox 1349 1640 1394 1707; x_wconf 79' lang='lat' dir='ltr'>tl,</span> <span class='ocrx_word' id='word_1_671' title='bbox 1421 1644 1520 1712; x_wconf 76' lang='lat' dir='ltr'>quast.</span> <span class='ocrx_word' id='word_1_672' title='bbox 1536 1640 1573 1694; x_wconf 84' lang='lat'>3:</span> <span class='ocrx_word' id='word_1_673' title='bbox 1588 1640 1640 1696; x_wconf 87' lang='lat' dir='ltr'>Sed</span> <span class='ocrx_word' id='word_1_674' title='bbox 1665 1647 1758 1696; x_wconf 88' lang='lat' dir='ltr'>contra</span> <span class='ocrx_word' id='word_1_675' title='bbox 1780 1640 1823 1695; x_wconf 77' lang='lat' dir='ltr'>tce</span> <span class='ocrx_word' id='word_1_676' title='bbox 1843 1640 1912 1711; x_wconf 85' lang='lat' dir='ltr'>orpui</span> 
     </span>
     <span class='ocr_line' id='line_1_93' title="bbox 1103 1709 1913 1783; baseline 0.004 -21"><span class='ocrx_word' id='word_1_677' title='bbox 1103 1716 1189 1780; x_wconf 87' lang='lat' dir='ltr'>potest</span> <span class='ocrx_word' id='word_1_678' title='bbox 1198 1711 1262 1781; x_wconf 82' lang='lat' dir='ltr'>quia</span> <span class='ocrx_word' id='word_1_679' title='bbox 1273 1712 1352 1767; x_wconf 89' lang='lat' dir='ltr'>illud</span> <span class='ocrx_word' id='word_1_680' title='bbox 1364 1713 1393 1766; x_wconf 87' lang='lat' dir='ltr'>in</span> <span class='ocrx_word' id='word_1_681' title='bbox 1402 1730 1453 1783; x_wconf 82' lang='lat' dir='ltr'>quo</span> <span class='ocrx_word' id='word_1_682' title='bbox 1468 1711 1640 1782; x_wconf 84' lang='lat' dir='ltr'>imprimitur</span> <span class='ocrx_word' id='word_1_683' title='bbox 1650 1711 1789 1767; x_wconf 85' lang='lat' dir='ltr'>clinracter</span> <span class='ocrx_word' id='word_1_684' title='bbox 1801 1709 1868 1765; x_wconf 83' lang='lat' dir='ltr'>debet</span> <span class='ocrx_word' id='word_1_685' title='bbox 1877 1711 1913 1765; x_wconf 80' lang='lat' dir='ltr'>ob</span> 
     </span>
     <span class='ocr_line' id='line_1_94' title="bbox 1105 1781 1912 1866; baseline 0.001 -32"><span class='ocrx_word' id='word_1_686' title='bbox 1105 1781 1222 1843; x_wconf 85' lang='lat' dir='ltr'>seruari,</span> <span class='ocrx_word' id='word_1_687' title='bbox 1234 1789 1261 1836; x_wconf 92' lang='lat' dir='ltr'>et</span> <span class='ocrx_word' id='word_1_688' title='bbox 1271 1781 1412 1853; x_wconf 85' lang='lat' dir='ltr'>probabile</span> <span class='ocrx_word' id='word_1_689' title='bbox 1428 1790 1466 1838; x_wconf 88' lang='lat' dir='ltr'>est</span> <span class='ocrx_word' id='word_1_690' title='bbox 1480 1782 1549 1866; x_wconf 79' lang='lat' dir='ltr'>quod</span> <span class='ocrx_word' id='word_1_691' title='bbox 1569 1782 1727 1838; x_wconf 84' lang='lat' dir='ltr'>observetur</span> <span class='ocrx_word' id='word_1_692' title='bbox 1750 1783 1779 1837; x_wconf 85' lang='lat' dir='ltr'>in</span> <span class='ocrx_word' id='word_1_693' title='bbox 1791 1782 1858 1836; x_wconf 88' lang='lat' dir='ltr'>omni</span> <span class='ocrx_word' id='word_1_694' title='bbox 1870 1782 1912 1836; x_wconf 91' lang='lat' dir='ltr'>Ec·</span> 
     </span>
     <span class='ocr_line' id='line_1_95' title="bbox 1105 1851 1912 1917; baseline 0.001 -12"><span class='ocrx_word' id='word_1_695' title='bbox 1105 1851 1198 1917; x_wconf 85' lang='lat' dir='ltr'>etesia,</span> <span class='ocrx_word' id='word_1_696' title='bbox 1214 1853 1261 1907; x_wconf 90' lang='lat' dir='ltr'>sed</span> <span class='ocrx_word' id='word_1_697' title='bbox 1269 1853 1385 1908; x_wconf 85' lang='lat' dir='ltr'>traditio</span> <span class='ocrx_word' id='word_1_698' title='bbox 1394 1855 1463 1907; x_wconf 87' lang='lat' dir='ltr'>libri</span> <span class='ocrx_word' id='word_1_699' title='bbox 1477 1853 1693 1909; x_wconf 75' lang='lat' dir='ltr'>inordinatione</span> <span class='ocrx_word' id='word_1_700' title='bbox 1705 1853 1810 1908; x_wconf 83' lang='lat' dir='ltr'>diaconi</span> <span class='ocrx_word' id='word_1_701' title='bbox 1823 1851 1912 1907; x_wconf 85' lang='lat' dir='ltr'>musb-</span> 
     </span>
     <span class='ocr_line' id='line_1_96' title="bbox 1104 1923 1969 1996; baseline 0.001 -20"><span class='ocrx_word' id='word_1_702' title='bbox 1104 1932 1231 1977; x_wconf 87' lang='lat' dir='ltr'>sercatur</span> <span class='ocrx_word' id='word_1_703' title='bbox 1242 1925 1272 1978; x_wconf 87' lang='lat' dir='ltr'>in</span> <span class='ocrx_word' id='word_1_704' title='bbox 1286 1926 1360 1979; x_wconf 90' lang='lat' dir='ltr'>omni</span> <span class='ocrx_word' id='word_1_705' title='bbox 1368 1925 1499 1989; x_wconf 87' lang='lat' dir='ltr'>Ecclesia,</span> <span class='ocrx_word' id='word_1_706' title='bbox 1509 1923 1912 1996; x_wconf 80' lang='lat' dir='ltr'>necantiquitussorsitonobrer·</span> <span class='ocrx_word' id='word_1_707' title='bbox 1968 1984 1969 1987; x_wconf 8' lang='grc' dir='ltr'><strong>Ἰ</strong></span> 
     </span>
     <span class='ocr_line' id='line_1_97' title="bbox 1105 1994 1912 2067; baseline 0.001 -21"><span class='ocrx_word' id='word_1_708' title='bbox 1105 1994 1220 2050; x_wconf 83' lang='lat' dir='ltr'>sabatur</span> <span class='ocrx_word' id='word_1_709' title='bbox 1230 1996 1260 2049; x_wconf 90' lang='lat' dir='ltr'>in</span> <span class='ocrx_word' id='word_1_710' title='bbox 1270 1995 1364 2067; x_wconf 81' lang='lat' dir='ltr'>ulique</span> <span class='ocrx_word' id='word_1_711' title='bbox 1371 1997 1496 2051; x_wconf 84' lang='lat' dir='ltr'>Ecclesia</span> <span class='ocrx_word' id='word_1_712' title='bbox 1512 1995 1741 2051; x_wconf 84' lang='lat' dir='ltr'>Uiidesecundum</span> <span class='ocrx_word' id='word_1_713' title='bbox 1750 1994 1912 2050; x_wconf 87' lang='lat' dir='ltr'>Ordinariun</span> 
     </span>
     <span class='ocr_line' id='line_1_98' title="bbox 1104 2063 1911 2137; baseline 0 -20"><span class='ocrx_word' id='word_1_714' title='bbox 1104 2066 1165 2119; x_wconf 85' lang='lat' dir='ltr'>anti</span> <span class='ocrx_word' id='word_1_715' title='bbox 1183 2067 1323 2121; x_wconf 76' lang='lat' dir='ltr'>dissimum</span> <span class='ocrx_word' id='word_1_716' title='bbox 1343 2066 1470 2123; x_wconf 73' lang='lat' dir='ltr'>Ecclesia</span> <span class='ocrx_word' id='word_1_717' title='bbox 1493 2067 1631 2131; x_wconf 84' lang='lat' dir='ltr'>Anieriss&#39;s,</span> <span class='ocrx_word' id='word_1_718' title='bbox 1652 2067 1698 2122; x_wconf 88' lang='lat' dir='ltr'>cui</span> <span class='ocrx_word' id='word_1_719' title='bbox 1711 2066 1870 2137; x_wconf 73' lang='lat' dir='ltr'>prefecimus,</span> <span class='ocrx_word' id='word_1_720' title='bbox 1883 2063 1911 2117; x_wconf 92' lang='lat' dir='ltr'>li·</span> 
     </span>
     <span class='ocr_line' id='line_1_99' title="bbox 1104 2084 1969 2215; baseline 0 -27"><span class='ocrx_word' id='word_1_721' title='bbox 1104 2134 1150 2215; x_wconf 84' lang='lat' dir='ltr'>ber</span> <span class='ocrx_word' id='word_1_722' title='bbox 1164 2084 1375 2209; x_wconf 61' lang='lat' dir='ltr'>lotapatae-am</span> <span class='ocrx_word' id='word_1_723' title='bbox 1391 2138 1617 2194; x_wconf 77' lang='lat' dir='ltr'>contradebatur</span> <span class='ocrx_word' id='word_1_724' title='bbox 1639 2138 1750 2193; x_wconf 90' lang='lat' dir='ltr'>diacono</span> <span class='ocrx_word' id='word_1_725' title='bbox 1767 2155 1793 2191; x_wconf 90' lang='lat' dir='ltr'>m</span> <span class='ocrx_word' id='word_1_726' title='bbox 1815 2136 1911 2190; x_wconf 87' lang='lat' dir='ltr'>ordina·</span> <span class='ocrx_word' id='word_1_727' title='bbox 1968 2136 1969 2151; x_wconf 65' lang='lat'>¹</span> 
     </span>
     <span class='ocr_line' id='line_1_100' title="bbox 1103 2206 1969 2279; baseline -0.001 -18"><span class='ocrx_word' id='word_1_728' title='bbox 1103 2214 1174 2261; x_wconf 80' lang='lat' dir='ltr'>tione</span> <span class='ocrx_word' id='word_1_729' title='bbox 1184 2225 1234 2263; x_wconf 90' lang='lat' dir='ltr'>sua</span> <span class='ocrx_word' id='word_1_730' title='bbox 1244 2228 1251 2267; x_wconf 89' lang='grc'>,·</span> <span class='ocrx_word' id='word_1_731' title='bbox 1261 2210 1307 2263; x_wconf 88' lang='lat' dir='ltr'>sed</span> <span class='ocrx_word' id='word_1_732' title='bbox 1321 2227 1367 2264; x_wconf 89' lang='lat' dir='ltr'>nas</span> <span class='ocrx_word' id='word_1_733' title='bbox 1381 2210 1496 2264; x_wconf 87' lang='lat' dir='ltr'>ualentes</span> <span class='ocrx_word' id='word_1_734' title='bbox 1514 2227 1561 2264; x_wconf 88' lang='lat' dir='ltr'>nos</span> <span class='ocrx_word' id='word_1_735' title='bbox 1578 2208 1749 2279; x_wconf 76' lang='lat' dir='ltr'>conformare</span> <span class='ocrx_word' id='word_1_736' title='bbox 1761 2208 1863 2264; x_wconf 73' lang='lat' dir='ltr'>calmis</span> <span class='ocrx_word' id='word_1_737' title='bbox 1872 2206 1912 2261; x_wconf 87' lang='lat' dir='ltr'>Es·</span> <span class='ocrx_word' id='word_1_738' title='bbox 1968 2232 1969 2235; x_wconf 36' lang='lat'>¹</span> 
     </span>
     <span class='ocr_line' id='line_1_101' title="bbox 1103 2277 1912 2352; baseline -0.002 -21"><span class='ocrx_word' id='word_1_739' title='bbox 1103 2277 1201 2341; x_wconf 81' lang='lat' dir='ltr'>olesiis,</span> <span class='ocrx_word' id='word_1_740' title='bbox 1214 2281 1352 2350; x_wconf 82' lang='lat' dir='ltr'>posuimus</span> <span class='ocrx_word' id='word_1_741' title='bbox 1365 2281 1396 2335; x_wconf 92' lang='lat' dir='ltr'>de</span> <span class='ocrx_word' id='word_1_742' title='bbox 1409 2298 1491 2335; x_wconf 90' lang='lat' dir='ltr'>manu</span> <span class='ocrx_word' id='word_1_743' title='bbox 1503 2287 1598 2335; x_wconf 76' lang='lat' dir='ltr'>trustra</span> <span class='ocrx_word' id='word_1_744' title='bbox 1611 2281 1641 2334; x_wconf 88' lang='lat' dir='ltr'>in</span> <span class='ocrx_word' id='word_1_745' title='bbox 1657 2281 1780 2352; x_wconf 82' lang='lat' dir='ltr'>marpine</span> <span class='ocrx_word' id='word_1_746' title='bbox 1792 2279 1855 2333; x_wconf 87' lang='lat' dir='ltr'>dicti</span> <span class='ocrx_word' id='word_1_747' title='bbox 1871 2277 1912 2333; x_wconf 85' lang='lat' dir='ltr'>Or·</span> 
     </span>
     <span class='ocr_line' id='line_1_102' title="bbox 1102 2349 1969 2422; baseline 0 -21"><span class='ocrx_word' id='word_1_748' title='bbox 1102 2349 1581 2422; x_wconf 83' lang='lat' dir='ltr'>dinariipuodliberEvanpcliorum</span> <span class='ocrx_word' id='word_1_749' title='bbox 1596 2352 1911 2407; x_wconf 87' lang='lat' dir='ltr'>tradaturcumconsueta</span> <span class='ocrx_word' id='word_1_750' title='bbox 1968 2352 1969 2419; x_wconf 60' lang='grc' dir='ltr'><em>ξ</em></span> 
     </span>
     <span class='ocr_line' id='line_1_103' title="bbox 1101 2419 1969 2543; baseline 0 -70"><span class='ocrx_word' id='word_1_751' title='bbox 1101 2419 1192 2543; x_wconf 51' lang='lat' dir='ltr'>{urina</span> <span class='ocrx_word' id='word_1_752' title='bbox 1204 2423 1352 2477; x_wconf 84' lang='lat' dir='ltr'>uerborum.</span> <span class='ocrx_word' id='word_1_753' title='bbox 1367 2423 1458 2488; x_wconf 84' lang='lat' dir='ltr'>Quare</span> <span class='ocrx_word' id='word_1_754' title='bbox 1469 2440 1521 2478; x_wconf 90' lang='lat' dir='ltr'>non</span> <span class='ocrx_word' id='word_1_755' title='bbox 1536 2423 1647 2477; x_wconf 83' lang='lat' dir='ltr'>ardetur</span> <span class='ocrx_word' id='word_1_756' title='bbox 1658 2423 1726 2493; x_wconf 86' lang='lat' dir='ltr'>quod</span> <span class='ocrx_word' id='word_1_757' title='bbox 1737 2439 1765 2476; x_wconf 88' lang='lat' dir='ltr'>m</span> <span class='ocrx_word' id='word_1_758' title='bbox 1779 2420 1911 2476; x_wconf 85' lang='lat' dir='ltr'>traditione</span> <span class='ocrx_word' id='word_1_759' title='bbox 1968 2424 1969 2483; x_wconf 62' lang='grc' dir='ltr'>Τ</span> 
     </span>
     <span class='ocr_line' id='line_1_104' title="bbox 1114 2489 1969 2564; baseline -0.001 -21"><span class='ocrx_word' id='word_1_760' title='bbox 1114 2490 1170 2546; x_wconf 81' lang='lat' dir='ltr'>ibri</span> <span class='ocrx_word' id='word_1_761' title='bbox 1184 2493 1362 2564; x_wconf 87' lang='lat' dir='ltr'>imprimatur</span> <span class='ocrx_word' id='word_1_762' title='bbox 1382 2495 1524 2549; x_wconf 84' lang='lat' dir='ltr'>character</span> <span class='ocrx_word' id='word_1_763' title='bbox 1548 2495 1720 2549; x_wconf 82' lang='lat' dir='ltr'>discutiatur.</span> <span class='ocrx_word' id='word_1_764' title='bbox 1738 2494 1774 2548; x_wconf 87' lang='lat' dir='ltr'>Et</span> <span class='ocrx_word' id='word_1_765' title='bbox 1793 2492 1845 2546; x_wconf 84' lang='lat' dir='ltr'>ideo</span> <span class='ocrx_word' id='word_1_766' title='bbox 1864 2489 1912 2544; x_wconf 90' lang='lat' dir='ltr'>alia</span> <span class='ocrx_word' id='word_1_767' title='bbox 1968 2492 1969 2563; x_wconf 57' lang='lat' dir='ltr'>i</span> 
     </span>
     <span class='ocr_line' id='line_1_105' title="bbox 1099 2562 1969 2633; baseline 0 -18"><span class='ocrx_word' id='word_1_768' title='bbox 1099 2563 1192 2632; x_wconf 84' lang='lat' dir='ltr'>opinio</span> <span class='ocrx_word' id='word_1_769' title='bbox 1204 2572 1243 2618; x_wconf 84' lang='lat' dir='ltr'>est</span> <span class='ocrx_word' id='word_1_770' title='bbox 1282 2566 1333 2619; x_wconf 81' lang='lat' dir='ltr'>not</span> <span class='ocrx_word' id='word_1_771' title='bbox 1349 2566 1491 2620; x_wconf 81' lang='lat' dir='ltr'>character</span> <span class='ocrx_word' id='word_1_772' title='bbox 1516 2567 1735 2633; x_wconf 71' lang='lat' dir='ltr'>imprimitur-in</span> <span class='ocrx_word' id='word_1_773' title='bbox 1759 2562 1911 2631; x_wconf 74' lang='lat' dir='ltr'>impositione</span> <span class='ocrx_word' id='word_1_774' title='bbox 1968 2584 1969 2627; x_wconf 71' lang='lat' dir='ltr'>i</span> 
     </span>
     <span class='ocr_line' id='line_1_106' title="bbox 1100 2632 1969 2706; baseline -0.003 -19"><span class='ocrx_word' id='word_1_775' title='bbox 1100 2650 1238 2689; x_wconf 73' lang='lat' dir='ltr'>munem.</span> <span class='ocrx_word' id='word_1_776' title='bbox 1289 2653 1320 2690; x_wconf 88' lang='lat' dir='ltr'>cr</span> <span class='ocrx_word' id='word_1_777' title='bbox 1345 2636 1413 2706; x_wconf 86' lang='lat' dir='ltr'>quod</span> <span class='ocrx_word' id='word_1_778' title='bbox 1439 2636 1522 2691; x_wconf 86' lang='lat' dir='ltr'>datur</span> <span class='ocrx_word' id='word_1_779' title='bbox 1542 2635 1664 2706; x_wconf 79' lang='lat' dir='ltr'>intellipi</span> <span class='ocrx_word' id='word_1_780' title='bbox 1686 2636 1750 2706; x_wconf 82' lang='lat' dir='ltr'>quio</span> <span class='ocrx_word' id='word_1_781' title='bbox 1773 2633 1912 2705; x_wconf 83' lang='lat' dir='ltr'>applicatur</span> <span class='ocrx_word' id='word_1_782' title='bbox 1968 2632 1969 2697; x_wconf 57' lang='grc' dir='ltr'>ζ</span> 
     </span>
     <span class='ocr_line' id='line_1_107' title="bbox 1102 2705 1912 2781; baseline -0.002 -21"><span class='ocrx_word' id='word_1_783' title='bbox 1102 2705 1184 2777; x_wconf 82' lang='lat'>501</span> <span class='ocrx_word' id='word_1_784' title='bbox 1202 2707 1237 2760; x_wconf 89' lang='lat' dir='ltr'>ad</span> <span class='ocrx_word' id='word_1_785' title='bbox 1313 2723 1377 2761; x_wconf 87' lang='lat' dir='ltr'>num</span> <span class='ocrx_word' id='word_1_786' title='bbox 1387 2708 1579 2762; x_wconf 83' lang='lat' dir='ltr'>ministerium.</span> <span class='ocrx_word' id='word_1_787' title='bbox 1596 2708 1631 2762; x_wconf 86' lang='lat' dir='ltr'>Et</span> <span class='ocrx_word' id='word_1_788' title='bbox 1646 2708 1710 2762; x_wconf 85' lang='lat' dir='ltr'>huic</span> <span class='ocrx_word' id='word_1_789' title='bbox 1723 2705 1828 2761; x_wconf 85' lang='lat' dir='ltr'>uidetur</span> <span class='ocrx_word' id='word_1_790' title='bbox 1840 2718 1912 2781; x_wconf 79' lang='lat' dir='ltr'>canon</span> 
     </span>
     <span class='ocr_line' id='line_1_108' title="bbox 1099 2773 1913 2849; baseline -0.002 -20"><span class='ocrx_word' id='word_1_791' title='bbox 1099 2777 1259 2832; x_wconf 82' lang='lat' dir='ltr'>conomdare</span> <span class='ocrx_word' id='word_1_792' title='bbox 1276 2778 1292 2832; x_wconf 62' lang='grc' dir='ltr'>Ξ</span> <span class='ocrx_word' id='word_1_793' title='bbox 1314 2822 1320 2837; x_wconf 84' lang='grc'><strong>.</strong></span> <span class='ocrx_word' id='word_1_794' title='bbox 1333 2777 1506 2833; x_wconf 78' lang='lat' dir='ltr'>distinctione</span> <span class='ocrx_word' id='word_1_795' title='bbox 1518 2778 1685 2834; x_wconf 87' lang='lat' dir='ltr'>ubidicitur</span> <span class='ocrx_word' id='word_1_796' title='bbox 1697 2776 1766 2849; x_wconf 79' lang='lat' dir='ltr'>quod</span> <span class='ocrx_word' id='word_1_797' title='bbox 1777 2792 1832 2831; x_wconf 86' lang='lat' dir='ltr'>cum</span> <span class='ocrx_word' id='word_1_798' title='bbox 1851 2773 1913 2829; x_wconf 82' lang='lat' dir='ltr'>ordr-</span> 
     </span>
     <span class='ocr_line' id='line_1_109' title="bbox 1099 2846 1912 2930; baseline -0.001 -31"><span class='ocrx_word' id='word_1_799' title='bbox 1099 2854 1184 2902; x_wconf 86' lang='lat' dir='ltr'>natur</span> <span class='ocrx_word' id='word_1_800' title='bbox 1197 2847 1334 2903; x_wconf 88' lang='lat' dir='ltr'>diaconus.</span> <span class='ocrx_word' id='word_1_801' title='bbox 1350 2850 1421 2904; x_wconf 86' lang='lat' dir='ltr'>solus</span> <span class='ocrx_word' id='word_1_802' title='bbox 1435 2850 1570 2921; x_wconf 87' lang='lat' dir='ltr'>episcopus</span> <span class='ocrx_word' id='word_1_803' title='bbox 1589 2852 1616 2903; x_wconf 85' lang='lat' dir='ltr'>ei</span> <span class='ocrx_word' id='word_1_804' title='bbox 1627 2866 1738 2904; x_wconf 79' lang='lat' dir='ltr'>maurim</span> <span class='ocrx_word' id='word_1_805' title='bbox 1753 2846 1869 2930; x_wconf 85' lang='lat' dir='ltr'>imponit,</span> <span class='ocrx_word' id='word_1_806' title='bbox 1886 2860 1912 2898; x_wconf 89' lang='lat' dir='ltr'>eo</span> 
     </span>
     <span class='ocr_line' id='line_1_110' title="bbox 1096 2918 1912 2991; baseline -0.006 -18"><span class='ocrx_word' id='word_1_807' title='bbox 1096 2918 1166 2988; x_wconf 77' lang='lat' dir='ltr'>quod</span> <span class='ocrx_word' id='word_1_808' title='bbox 1177 2920 1212 2973; x_wconf 93' lang='lat' dir='ltr'>ad</span> <span class='ocrx_word' id='word_1_809' title='bbox 1229 2920 1411 2975; x_wconf 81' lang='lat' dir='ltr'>ministerium</span> <span class='ocrx_word' id='word_1_810' title='bbox 1436 2921 1600 2991; x_wconf 87' lang='lat' dir='ltr'>applicetur.</span> <span class='ocrx_word' id='word_1_811' title='bbox 1621 2922 1718 2986; x_wconf 80' lang='lat' dir='ltr'>Quare</span> <span class='ocrx_word' id='word_1_812' title='bbox 1732 2918 1800 2973; x_wconf 87' lang='lat' dir='ltr'>mibi</span> <span class='ocrx_word' id='word_1_813' title='bbox 1812 2918 1912 2972; x_wconf 87' lang='lat' dir='ltr'>ridetur</span> 
     </span>
     <span class='ocr_line' id='line_1_111' title="bbox 1098 2988 1911 3063; baseline -0.004 -20"><span class='ocrx_word' id='word_1_814' title='bbox 1098 2988 1203 3058; x_wconf 80' lang='lat' dir='ltr'>l&#39;rigida</span> <span class='ocrx_word' id='word_1_815' title='bbox 1218 2992 1367 3061; x_wconf 85' lang='lat' dir='ltr'>responsio</span> <span class='ocrx_word' id='word_1_816' title='bbox 1382 2991 1495 3046; x_wconf 90' lang='lat' dir='ltr'>illorum</span> <span class='ocrx_word' id='word_1_817' title='bbox 1528 3009 1588 3063; x_wconf 78' lang='lat' dir='ltr'>quas</span> <span class='ocrx_word' id='word_1_818' title='bbox 1604 3007 1657 3047; x_wconf 86' lang='lat' dir='ltr'>nec</span> <span class='ocrx_word' id='word_1_819' title='bbox 1685 2991 1714 3046; x_wconf 90' lang='lat' dir='ltr'>in</span> <span class='ocrx_word' id='word_1_820' title='bbox 1731 2993 1853 3045; x_wconf 88' lang='lat' dir='ltr'>mentem</span> <span class='ocrx_word' id='word_1_821' title='bbox 1868 2990 1911 3041; x_wconf 93' lang='lat' dir='ltr'>llu·</span> 
     </span>
    </p>
   </div>
   <div class='ocr_carea' id='block_1_17' title="bbox 1060 3057 1912 3133">
    <p class='ocr_par' dir='ltr' id='par_1_22' title="bbox 1060 3057 1912 3133">
     <span class='ocr_line' id='line_1_112' title="bbox 1060 3057 1912 3133; baseline -0.006 -19"><span class='ocrx_word' id='word_1_822' title='bbox 1060 3073 1082 3133; x_wconf 60' lang='grc' dir='ltr'>(ζ</span> <span class='ocrx_word' id='word_1_823' title='bbox 1098 3060 1181 3115; x_wconf 89' lang='lat' dir='ltr'>randi</span> <span class='ocrx_word' id='word_1_824' title='bbox 1195 3061 1335 3132; x_wconf 88' lang='lat' dir='ltr'>venithui</span> <span class='ocrx_word' id='word_1_825' title='bbox 1351 3063 1450 3117; x_wconf 87' lang='lat' dir='ltr'>dicunt</span> <span class='ocrx_word' id='word_1_826' title='bbox 1465 3063 1517 3117; x_wconf 89' lang='lat' dir='ltr'>Ecc</span> <span class='ocrx_word' id='word_1_827' title='bbox 1529 3062 1617 3117; x_wconf 87' lang='lat' dir='ltr'>esiam</span> <span class='ocrx_word' id='word_1_828' title='bbox 1634 3062 1813 3118; x_wconf 67' lang='lat' dir='ltr'>siniciensem</span> <span class='ocrx_word' id='word_1_829' title='bbox 1828 3059 1855 3113; x_wconf 90' lang='lat' dir='ltr'>in</span> <span class='ocrx_word' id='word_1_830' title='bbox 1868 3057 1912 3110; x_wconf 89' lang='lat' dir='ltr'>boc</span> 
     </span>
    </p>
   </div>
   <div class='ocr_carea' id='block_1_18' title="bbox 1089 3129 1969 5481">
    <p class='ocr_par' dir='ltr' id='par_1_23' title="bbox 1091 3129 1969 4850">
     <span class='ocr_line' id='line_1_113' title="bbox 1098 3129 1912 3197; baseline -0.006 -11"><span class='ocrx_word' id='word_1_831' title='bbox 1098 3148 1217 3197; x_wconf 85' lang='lat' dir='ltr'>errasse,</span> <span class='ocrx_word' id='word_1_832' title='bbox 1244 3149 1309 3187; x_wconf 86' lang='lat' dir='ltr'>curn</span> <span class='ocrx_word' id='word_1_833' title='bbox 1329 3132 1515 3188; x_wconf 83' lang='lat' dir='ltr'>manifestam</span> <span class='ocrx_word' id='word_1_834' title='bbox 1528 3134 1682 3189; x_wconf 87' lang='lat' dir='ltr'>rideamus</span> <span class='ocrx_word' id='word_1_835' title='bbox 1697 3129 1912 3189; x_wconf 74' lang='lat' dir='ltr'>conlormititem</span> 
     </span>
     <span class='ocr_line' id='line_1_114' title="bbox 1097 3202 1912 3275; baseline -0.005 -19"><span class='ocrx_word' id='word_1_836' title='bbox 1097 3202 1184 3274; x_wconf 84' lang='lat' dir='ltr'>hujus</span> <span class='ocrx_word' id='word_1_837' title='bbox 1197 3204 1300 3259; x_wconf 81' lang='lat' dir='ltr'>veleris</span> <span class='ocrx_word' id='word_1_838' title='bbox 1314 3203 1457 3259; x_wconf 89' lang='lat' dir='ltr'>Ordinarii</span> <span class='ocrx_word' id='word_1_839' title='bbox 1474 3205 1601 3275; x_wconf 82' lang='lat' dir='ltr'>praelulae</span> <span class='ocrx_word' id='word_1_840' title='bbox 1618 3205 1749 3261; x_wconf 78' lang='lat' dir='ltr'>Ecclesia</span> <span class='ocrx_word' id='word_1_841' title='bbox 1767 3213 1912 3270; x_wconf 84' lang='lat' dir='ltr'>cumsupra</span> 
     </span>
     <span class='ocr_line' id='line_1_115' title="bbox 1097 3272 1912 3341; baseline -0.005 -14"><span class='ocrx_word' id='word_1_842' title='bbox 1097 3272 1191 3328; x_wconf 86' lang='lat' dir='ltr'>citatis</span> <span class='ocrx_word' id='word_1_843' title='bbox 1215 3274 1466 3330; x_wconf 88' lang='lat' dir='ltr'>Sacrameulorum</span> <span class='ocrx_word' id='word_1_844' title='bbox 1485 3274 1647 3341; x_wconf 80' lang='lat' dir='ltr'>codicibus,</span> <span class='ocrx_word' id='word_1_845' title='bbox 1689 3274 1857 3335; x_wconf 88' lang='lat' dir='ltr'>auctoribus,</span> <span class='ocrx_word' id='word_1_846' title='bbox 1889 3272 1912 3323; x_wconf 88' lang='lat' dir='ltr'>el</span> 
     </span>
     <span class='ocr_line' id='line_1_116' title="bbox 1097 3338 1969 3419; baseline -0.007 -20"><span class='ocrx_word' id='word_1_847' title='bbox 1097 3345 1216 3399; x_wconf 90' lang='lat' dir='ltr'>concilio</span> <span class='ocrx_word' id='word_1_848' title='bbox 1242 3346 1374 3417; x_wconf 73' lang='lat' dir='ltr'>carthag.</span> <span class='ocrx_word' id='word_1_849' title='bbox 1399 3364 1435 3401; x_wconf 88' lang='lat' dir='ltr'>rr.</span> <span class='ocrx_word' id='word_1_850' title='bbox 1465 3349 1519 3402; x_wconf 89' lang='lat' dir='ltr'>Neo</span> <span class='ocrx_word' id='word_1_851' title='bbox 1534 3348 1629 3401; x_wconf 88' lang='lat' dir='ltr'>obstat</span> <span class='ocrx_word' id='word_1_852' title='bbox 1657 3348 1734 3419; x_wconf 89' lang='lat' dir='ltr'>quod</span> <span class='ocrx_word' id='word_1_853' title='bbox 1762 3340 1912 3401; x_wconf 74' lang='lat' dir='ltr'>diaconici</span> <span class='ocrx_word' id='word_1_854' title='bbox 1968 3338 1969 3405; x_wconf 80' lang='lat' dir='ltr'>l</span> 
     </span>
     <span class='ocr_line' id='line_1_117' title="bbox 1097 3412 1969 3489; baseline -0.005 -18"><span class='ocrx_word' id='word_1_855' title='bbox 1097 3416 1182 3472; x_wconf 83' lang='lat' dir='ltr'>reteri</span> <span class='ocrx_word' id='word_1_856' title='bbox 1198 3416 1403 3473; x_wconf 90' lang='lat' dir='ltr'>consuetudine</span> <span class='ocrx_word' id='word_1_857' title='bbox 1418 3418 1516 3488; x_wconf 81' lang='lat' dir='ltr'>legant</span> <span class='ocrx_word' id='word_1_858' title='bbox 1529 3418 1732 3489; x_wconf 78' lang='lat' dir='ltr'>Evangelium,</span> <span class='ocrx_word' id='word_1_859' title='bbox 1761 3422 1821 3471; x_wconf 87' lang='lat' dir='ltr'>uta</span> <span class='ocrx_word' id='word_1_860' title='bbox 1842 3414 1910 3484; x_wconf 88' lang='lat' dir='ltr'>paret</span> <span class='ocrx_word' id='word_1_861' title='bbox 1968 3412 1969 3487; x_wconf 69' lang='lat' dir='ltr'>i</span> 
     </span>
     <span class='ocr_line' id='line_1_118' title="bbox 1097 3487 1969 3560; baseline 0.001 -18"><span class='ocrx_word' id='word_1_862' title='bbox 1097 3503 1132 3542; x_wconf 84' lang='lat' dir='ltr'>ex</span> <span class='ocrx_word' id='word_1_863' title='bbox 1147 3488 1229 3559; x_wconf 90' lang='lat' dir='ltr'>epist.</span> <span class='ocrx_word' id='word_1_864' title='bbox 1246 3488 1336 3543; x_wconf 83' lang='lat' dir='ltr'>sancti</span> <span class='ocrx_word' id='word_1_865' title='bbox 1351 3487 1570 3560; x_wconf 78' lang='lat' dir='ltr'>Hieronpmiad</span> <span class='ocrx_word' id='word_1_866' title='bbox 1584 3488 1793 3545; x_wconf 87' lang='lat' dir='ltr'>Sabinianum:</span> <span class='ocrx_word' id='word_1_867' title='bbox 1831 3498 1912 3553; x_wconf 80' lang='lat' dir='ltr'>canpe·</span> <span class='ocrx_word' id='word_1_868' title='bbox 1968 3504 1969 3543; x_wconf 77' lang='lat' dir='ltr'>i</span> 
     </span>
     <span class='ocr_line' id='line_1_119' title="bbox 1097 3557 1969 3633; baseline -0.002 -21"><span class='ocrx_word' id='word_1_869' title='bbox 1097 3558 1164 3613; x_wconf 88' lang='lat' dir='ltr'>lium</span> <span class='ocrx_word' id='word_1_870' title='bbox 1176 3558 1503 3630; x_wconf 80' lang='lat' dir='ltr'>Cbrt&#39;stipuasidioconus</span> <span class='ocrx_word' id='word_1_871' title='bbox 1518 3559 1673 3624; x_wconf 78' lang='lat' dir='ltr'>lectitabas,</span> <span class='ocrx_word' id='word_1_872' title='bbox 1685 3577 1744 3616; x_wconf 89' lang='lat' dir='ltr'>nou</span> <span class='ocrx_word' id='word_1_873' title='bbox 1759 3557 1834 3615; x_wconf 89' lang='lat' dir='ltr'>enim</span> <span class='ocrx_word' id='word_1_874' title='bbox 1847 3568 1911 3633; x_wconf 79' lang='lat' dir='ltr'>sem·</span> <span class='ocrx_word' id='word_1_875' title='bbox 1968 3568 1969 3575; x_wconf 56' lang='lat'>¹</span> 
     </span>
     <span class='ocr_line' id='line_1_120' title="bbox 1096 3624 1911 3705; baseline -0.005 -20"><span class='ocrx_word' id='word_1_876' title='bbox 1096 3636 1185 3701; x_wconf 89' lang='lat' dir='ltr'>peret</span> <span class='ocrx_word' id='word_1_877' title='bbox 1197 3631 1301 3702; x_wconf 86' lang='lat' dir='ltr'>ubique</span> <span class='ocrx_word' id='word_1_878' title='bbox 1317 3631 1344 3686; x_wconf 91' lang='lat' dir='ltr'>in</span> <span class='ocrx_word' id='word_1_879' title='bbox 1361 3630 1484 3686; x_wconf 83' lang='lat' dir='ltr'>Ecclesia</span> <span class='ocrx_word' id='word_1_880' title='bbox 1498 3630 1560 3695; x_wconf 91' lang='lat' dir='ltr'>luit,</span> <span class='ocrx_word' id='word_1_881' title='bbox 1578 3632 1735 3688; x_wconf 78' lang='lat' dir='ltr'>ulularum</span> <span class='ocrx_word' id='word_1_882' title='bbox 1768 3632 1810 3685; x_wconf 88' lang='lat' dir='ltr'>est</span> <span class='ocrx_word' id='word_1_883' title='bbox 1823 3644 1854 3683; x_wconf 77' lang='lat' dir='ltr'>ea</span> <span class='ocrx_word' id='word_1_884' title='bbox 1874 3624 1911 3705; x_wconf 79' lang='lat' dir='ltr'>bn</span> 
     </span>
     <span class='ocr_line' id='line_1_121' title="bbox 1097 3700 1909 3773; baseline -0.002 -17"><span class='ocrx_word' id='word_1_885' title='bbox 1097 3718 1158 3772; x_wconf 85' lang='lat' dir='ltr'>quae</span> <span class='ocrx_word' id='word_1_886' title='bbox 1171 3718 1257 3773; x_wconf 89' lang='lat' dir='ltr'>supra</span> <span class='ocrx_word' id='word_1_887' title='bbox 1271 3703 1306 3757; x_wconf 88' lang='lat' dir='ltr'>de</span> <span class='ocrx_word' id='word_1_888' title='bbox 1319 3700 1471 3757; x_wconf 84' lang='lat' dir='ltr'>lectoribus</span> <span class='ocrx_word' id='word_1_889' title='bbox 1484 3701 1635 3757; x_wconf 86' lang='lat' dir='ltr'>docuimus</span> <span class='ocrx_word' id='word_1_890' title='bbox 1650 3721 1685 3759; x_wconf 84' lang='lat' dir='ltr'>ex</span> <span class='ocrx_word' id='word_1_891' title='bbox 1700 3705 1797 3758; x_wconf 86' lang='lat' dir='ltr'>sancto</span> <span class='ocrx_word' id='word_1_892' title='bbox 1808 3700 1909 3769; x_wconf 80' lang='lat' dir='ltr'>Cypnt·</span> 
     </span>
     <span class='ocr_line' id='line_1_122' title="bbox 1096 3768 1912 3839; baseline -0.009 -12"><span class='ocrx_word' id='word_1_893' title='bbox 1096 3788 1145 3839; x_wconf 94' lang='lat' dir='ltr'>uo,</span> <span class='ocrx_word' id='word_1_894' title='bbox 1159 3777 1188 3827; x_wconf 88' lang='lat' dir='ltr'>et</span> <span class='ocrx_word' id='word_1_895' title='bbox 1204 3789 1285 3828; x_wconf 88' lang='lat' dir='ltr'>conc.</span> <span class='ocrx_word' id='word_1_896' title='bbox 1296 3772 1434 3829; x_wconf 81' lang='lat' dir='ltr'>Toletano</span> <span class='ocrx_word' id='word_1_897' title='bbox 1448 3789 1467 3827; x_wconf 89' lang='grc' dir='ltr'>ι.</span> <span class='ocrx_word' id='word_1_898' title='bbox 1491 3773 1573 3838; x_wconf 88' lang='lat' dir='ltr'>Quod</span> <span class='ocrx_word' id='word_1_899' title='bbox 1586 3774 1777 3829; x_wconf 84' lang='lat' dir='ltr'>confirmatur</span> <span class='ocrx_word' id='word_1_900' title='bbox 1791 3788 1823 3826; x_wconf 77' lang='lat' dir='ltr'>ex</span> <span class='ocrx_word' id='word_1_901' title='bbox 1836 3768 1912 3824; x_wconf 85' lang='lat' dir='ltr'>Suco·</span> 
     </span>
     <span class='ocr_line' id='line_1_123' title="bbox 1097 3840 1910 3968; baseline -0.009 -71"><span class='ocrx_word' id='word_1_902' title='bbox 1097 3843 1238 3898; x_wconf 87' lang='lat' dir='ltr'>menolib.</span> <span class='ocrx_word' id='word_1_903' title='bbox 1253 3846 1300 3903; x_wconf 83' lang='lat' dir='ltr'>vir.</span> <span class='ocrx_word' id='word_1_904' title='bbox 1317 3861 1380 3915; x_wconf 87' lang='lat' dir='ltr'>cap.</span> <span class='ocrx_word' id='word_1_905' title='bbox 1394 3845 1444 3898; x_wconf 82' lang='lat' dir='ltr'>le:</span> <span class='ocrx_word' id='word_1_906' title='bbox 1460 3850 1563 3903; x_wconf 77' lang='lat' dir='ltr'>Taurus</span> <span class='ocrx_word' id='word_1_907' title='bbox 1577 3848 1625 3902; x_wconf 79' lang='lat' dir='ltr'>riu</span> <span class='ocrx_word' id='word_1_908' title='bbox 1643 3842 1816 3968; x_wconf 50' lang='lat' dir='ltr'>tspdslfsblm</span> <span class='ocrx_word' id='word_1_909' title='bbox 1831 3840 1910 3910; x_wconf 76' lang='lat' dir='ltr'>(risp-</span> 
     </span>
     <span class='ocr_line' id='line_1_124' title="bbox 1095 3911 1907 3988; baseline -0.009 -22"><span class='ocrx_word' id='word_1_910' title='bbox 1095 3915 1189 3984; x_wconf 74' lang='lat' dir='ltr'>7itsau)</span> <span class='ocrx_word' id='word_1_911' title='bbox 1224 3913 1394 3986; x_wconf 66' lang='lat' dir='ltr'>meptiarum</span> <span class='ocrx_word' id='word_1_912' title='bbox 1429 3911 1520 3967; x_wconf 69' lang='grc' dir='ltr'>ἐνθάδε</span> <span class='ocrx_word' id='word_1_913' title='bbox 1552 3934 1632 3988; x_wconf 62' lang='lat' dir='ltr'>parm</span> <span class='ocrx_word' id='word_1_914' title='bbox 1658 3936 1671 3969; x_wconf 90' lang='lat' dir='ltr'>c</span> <span class='ocrx_word' id='word_1_915' title='bbox 1709 3915 1716 3934; x_wconf 78' lang='lat'><strong><em>&#39;</em></strong></span> <span class='ocrx_word' id='word_1_916' title='bbox 1743 3913 1907 3987; x_wconf 74' lang='grc' dir='ltr'><strong>ρχιόισὶκονος,</strong></span> 
     </span>
     <span class='ocr_line' id='line_1_125' title="bbox 1095 3978 1910 4058; baseline -0.005 -21"><span class='ocrx_word' id='word_1_917' title='bbox 1095 4003 1167 4058; x_wconf 78' lang='grc' dir='ltr'>παρα</span> <span class='ocrx_word' id='word_1_918' title='bbox 1193 3982 1223 4038; x_wconf 79' lang='grc' dir='ltr'>δι’</span> <span class='ocrx_word' id='word_1_919' title='bbox 1245 3985 1328 4047; x_wconf 81' lang='grc' dir='ltr'><strong>ἀλλοις</strong></span> <span class='ocrx_word' id='word_1_920' title='bbox 1353 3985 1480 4040; x_wconf 65' lang='lat' dir='ltr'>drinaum,</span> <span class='ocrx_word' id='word_1_921' title='bbox 1497 3986 1537 4039; x_wconf 83' lang='grc' dir='ltr'>Ἐν</span> <span class='ocrx_word' id='word_1_922' title='bbox 1557 3985 1665 4050; x_wconf 70' lang='grc' dir='ltr'><strong>πολλαῖς</strong></span> <span class='ocrx_word' id='word_1_923' title='bbox 1682 3982 1712 4040; x_wconf 82' lang='lat' dir='ltr'>di</span> <span class='ocrx_word' id='word_1_924' title='bbox 1735 3978 1910 4057; x_wconf 64' lang='lat' dir='ltr'>iustissimis?</span> 
     </span>
     <span class='ocr_line' id='line_1_126' title="bbox 1097 4055 1910 4130; baseline 0.001 -23"><span class='ocrx_word' id='word_1_925' title='bbox 1097 4056 1169 4124; x_wconf 83' lang='lat' dir='ltr'>ispsi;</span> <span class='ocrx_word' id='word_1_926' title='bbox 1183 4062 1267 4128; x_wconf 70' lang='lat' dir='ltr'>uiues,</span> <span class='ocrx_word' id='word_1_927' title='bbox 1289 4060 1314 4109; x_wconf 80' lang='lat' dir='ltr'>&#39;eu</span> <span class='ocrx_word' id='word_1_928' title='bbox 1330 4055 1360 4109; x_wconf 80' lang='grc' dir='ltr'>δέ</span> <span class='ocrx_word' id='word_1_929' title='bbox 1374 4057 1511 4129; x_wconf 65' lang='lat' dir='ltr'>increpem</span> <span class='ocrx_word' id='word_1_930' title='bbox 1535 4060 1821 4130; x_wconf 68' lang='lat' dir='ltr'>duipssg&#39;limcsrnos.</span> <span class='ocrx_word' id='word_1_931' title='bbox 1847 4058 1878 4113; x_wconf 78' lang='grc' dir='ltr'>ὡς</span> <span class='ocrx_word' id='word_1_932' title='bbox 1889 4068 1910 4101; x_wconf 75' lang='lat' dir='ltr'>tt</span> 
     </span>
     <span class='ocr_line' id='line_1_127' title="bbox 1098 4123 1911 4203; baseline -0.01 -23"><span class='ocrx_word' id='word_1_933' title='bbox 1098 4127 1365 4181; x_wconf 73' lang='grc' dir='ltr'>Κωνσταντινσυπσλει</span> <span class='ocrx_word' id='word_1_934' title='bbox 1376 4131 1444 4180; x_wconf 82' lang='grc' dir='ltr'>κατὰ</span> <span class='ocrx_word' id='word_1_935' title='bbox 1458 4148 1504 4187; x_wconf 73' lang='lat' dir='ltr'>rau</span> <span class='ocrx_word' id='word_1_936' title='bbox 1517 4148 1621 4200; x_wconf 76' lang='grc' dir='ltr'>πρωτην</span> <span class='ocrx_word' id='word_1_937' title='bbox 1636 4134 1737 4203; x_wconf 78' lang='grc' dir='ltr'><strong>ἡμέραν</strong></span> <span class='ocrx_word' id='word_1_938' title='bbox 1756 4136 1800 4189; x_wconf 80' lang='grc' dir='ltr'>τῆς</span> <span class='ocrx_word' id='word_1_939' title='bbox 1813 4123 1911 4178; x_wconf 65' lang='lat' dir='ltr'>bruma·</span> 
     </span>
     <span class='ocr_line' id='line_1_128' title="bbox 1096 4199 1905 4274; baseline -0.002 -25"><span class='ocrx_word' id='word_1_940' title='bbox 1096 4200 1284 4274; x_wconf 74' lang='grc' dir='ltr'>σίμσυὲορτῆς.</span> <span class='ocrx_word' id='word_1_941' title='bbox 1301 4201 1329 4255; x_wconf 95' lang='lat' dir='ltr'>ld</span> <span class='ocrx_word' id='word_1_942' title='bbox 1345 4205 1400 4255; x_wconf 91' lang='lat' dir='ltr'>est:</span> <span class='ocrx_word' id='word_1_943' title='bbox 1417 4203 1535 4256; x_wconf 75' lang='lat' dir='ltr'>Sacrum</span> <span class='ocrx_word' id='word_1_944' title='bbox 1552 4201 1626 4256; x_wconf 89' lang='lat' dir='ltr'>hunc</span> <span class='ocrx_word' id='word_1_945' title='bbox 1649 4202 1668 4257; x_wconf 89' lang='lat' dir='ltr'>li</span> <span class='ocrx_word' id='word_1_946' title='bbox 1683 4217 1757 4256; x_wconf 83' lang='lat' dir='ltr'>irum</span> <span class='ocrx_word' id='word_1_947' title='bbox 1782 4199 1905 4265; x_wconf 72' lang='lat' dir='ltr'>(drenge</span> 
     </span>
     <span class='ocr_line' id='line_1_129' title="bbox 1094 4269 1969 4341; baseline -0.006 -17"><span class='ocrx_word' id='word_1_948' title='bbox 1094 4269 1178 4339; x_wconf 90' lang='lat' dir='ltr'>lium)</span> <span class='ocrx_word' id='word_1_949' title='bbox 1194 4270 1263 4339; x_wconf 82' lang='lat' dir='ltr'>legit</span> <span class='ocrx_word' id='word_1_950' title='bbox 1289 4270 1334 4325; x_wconf 90' lang='lat' dir='ltr'>hic</span> <span class='ocrx_word' id='word_1_951' title='bbox 1359 4270 1561 4341; x_wconf 74' lang='lat' dir='ltr'>(alexandrie)</span> <span class='ocrx_word' id='word_1_952' title='bbox 1584 4270 1663 4327; x_wconf 88' lang='lat' dir='ltr'>solus</span> <span class='ocrx_word' id='word_1_953' title='bbox 1690 4270 1908 4327; x_wconf 84' lang='lat' dir='ltr'>archidiaconus,</span> <span class='ocrx_word' id='word_1_954' title='bbox 1968 4294 1969 4307; x_wconf 62' lang='lat'>,</span> 
     </span>
     <span class='ocr_line' id='line_1_130' title="bbox 1094 4336 1911 4411; baseline -0.009 -15"><span class='ocrx_word' id='word_1_955' title='bbox 1094 4343 1168 4411; x_wconf 92' lang='lat' dir='ltr'>apud</span> <span class='ocrx_word' id='word_1_956' title='bbox 1184 4341 1256 4396; x_wconf 86' lang='lat' dir='ltr'>alios</span> <span class='ocrx_word' id='word_1_957' title='bbox 1267 4341 1466 4399; x_wconf 83' lang='lat' dir='ltr'>verodiaconi.</span> <span class='ocrx_word' id='word_1_958' title='bbox 1482 4341 1512 4396; x_wconf 90' lang='lat' dir='ltr'>in</span> <span class='ocrx_word' id='word_1_959' title='bbox 1539 4341 1638 4398; x_wconf 88' lang='lat' dir='ltr'>multis</span> <span class='ocrx_word' id='word_1_960' title='bbox 1653 4341 1787 4399; x_wconf 82' lang='lat' dir='ltr'>Ecclesris</span> <span class='ocrx_word' id='word_1_961' title='bbox 1812 4336 1860 4394; x_wconf 87' lang='lat' dir='ltr'>suli</span> <span class='ocrx_word' id='word_1_962' title='bbox 1874 4350 1911 4390; x_wconf 88' lang='lat' dir='ltr'>sa·</span> 
     </span>
     <span class='ocr_line' id='line_1_131' title="bbox 1094 4407 1911 4488; baseline -0.005 -21"><span class='ocrx_word' id='word_1_963' title='bbox 1094 4414 1237 4468; x_wconf 85' lang='lat' dir='ltr'>cerdutes:</span> <span class='ocrx_word' id='word_1_964' title='bbox 1266 4411 1366 4467; x_wconf 90' lang='lat' dir='ltr'>diebus</span> <span class='ocrx_word' id='word_1_965' title='bbox 1393 4418 1487 4468; x_wconf 90' lang='lat' dir='ltr'>autem</span> <span class='ocrx_word' id='word_1_966' title='bbox 1513 4412 1702 4479; x_wconf 90' lang='lat' dir='ltr'>solemnibus,</span> <span class='ocrx_word' id='word_1_967' title='bbox 1730 4407 1911 4488; x_wconf 35' lang='lat' dir='ltr'>episeopipul</span> 
     </span>
     <span class='ocr_line' id='line_1_132' title="bbox 1094 4482 1911 4555; baseline -0.012 -16"><span class='ocrx_word' id='word_1_968' title='bbox 1094 4483 1342 4555; x_wconf 88' lang='lat' dir='ltr'>Constantinopoli</span> <span class='ocrx_word' id='word_1_969' title='bbox 1354 4483 1447 4553; x_wconf 91' lang='lat' dir='ltr'>prima</span> <span class='ocrx_word' id='word_1_970' title='bbox 1464 4482 1535 4540; x_wconf 81' lang='lat' dir='ltr'>feria</span> <span class='ocrx_word' id='word_1_971' title='bbox 1560 4483 1790 4541; x_wconf 86' lang='lat' dir='ltr'>Resurrectionis</span> <span class='ocrx_word' id='word_1_972' title='bbox 1802 4482 1911 4537; x_wconf 85' lang='lat' dir='ltr'>dominr-</span> 
     </span>
     <span class='ocr_line' id='line_1_133' title="bbox 1093 4553 1909 4626; baseline -0.01 -17"><span class='ocrx_word' id='word_1_973' title='bbox 1093 4554 1378 4610; x_wconf 68' lang='lat' dir='ltr'>censentiendum</span> <span class='ocrx_word' id='word_1_974' title='bbox 1394 4558 1437 4610; x_wconf 86' lang='lat' dir='ltr'>est</span> <span class='ocrx_word' id='word_1_975' title='bbox 1455 4557 1506 4611; x_wconf 87' lang='lat' dir='ltr'>bos</span> <span class='ocrx_word' id='word_1_976' title='bbox 1535 4557 1719 4626; x_wconf 81' lang='lat' dir='ltr'>presbyteros</span> <span class='ocrx_word' id='word_1_977' title='bbox 1735 4560 1764 4611; x_wconf 86' lang='lat' dir='ltr'>et</span> <span class='ocrx_word' id='word_1_978' title='bbox 1775 4553 1909 4624; x_wconf 85' lang='lat' dir='ltr'>episcopos</span> 
     </span>
     <span class='ocr_line' id='line_1_134' title="bbox 1092 4622 1908 4683; baseline -0.002 -2"><span class='ocrx_word' id='word_1_979' title='bbox 1092 4625 1180 4681; x_wconf 87' lang='lat' dir='ltr'>etiarn</span> <span class='ocrx_word' id='word_1_980' title='bbox 1197 4625 1331 4682; x_wconf 81' lang='lat' dir='ltr'>diaconos</span> <span class='ocrx_word' id='word_1_981' title='bbox 1345 4625 1440 4682; x_wconf 88' lang='lat' dir='ltr'>luisse.</span> <span class='ocrx_word' id='word_1_982' title='bbox 1458 4627 1487 4681; x_wconf 92' lang='lat' dir='ltr'>Id</span> <span class='ocrx_word' id='word_1_983' title='bbox 1506 4628 1586 4682; x_wconf 86' lang='lat' dir='ltr'>enirn</span> <span class='ocrx_word' id='word_1_984' title='bbox 1603 4627 1730 4683; x_wconf 88' lang='lat' dir='ltr'>minime</span> <span class='ocrx_word' id='word_1_985' title='bbox 1744 4630 1851 4682; x_wconf 88' lang='lat' dir='ltr'>certum</span> <span class='ocrx_word' id='word_1_986' title='bbox 1864 4622 1908 4679; x_wconf 77' lang='lat' dir='ltr'>eal.</span> 
     </span>
     <span class='ocr_line' id='line_1_135' title="bbox 1092 4690 1910 4770; baseline -0.006 -18"><span class='ocrx_word' id='word_1_987' title='bbox 1092 4714 1157 4752; x_wconf 88' lang='lat' dir='ltr'>cnm</span> <span class='ocrx_word' id='word_1_988' title='bbox 1170 4696 1250 4762; x_wconf 89' lang='lat' dir='ltr'>clim,</span> <span class='ocrx_word' id='word_1_989' title='bbox 1267 4696 1458 4767; x_wconf 81' lang='lat' dir='ltr'>praetermisso</span> <span class='ocrx_word' id='word_1_990' title='bbox 1473 4696 1614 4765; x_wconf 67' lang='lat' dir='ltr'>maeonio,</span> <span class='ocrx_word' id='word_1_991' title='bbox 1642 4697 1729 4754; x_wconf 91' lang='lat' dir='ltr'>multi</span> <span class='ocrx_word' id='word_1_992' title='bbox 1754 4690 1873 4770; x_wconf 89' lang='lat' dir='ltr'>episcopi</span> <span class='ocrx_word' id='word_1_993' title='bbox 1886 4691 1910 4744; x_wconf 86' lang='lat' dir='ltr'>el</span> 
     </span>
     <span class='ocr_line' id='line_1_136' title="bbox 1091 4768 1439 4850; baseline 0 -27"><span class='ocrx_word' id='word_1_994' title='bbox 1091 4768 1249 4850; x_wconf 71' lang='lat' dir='ltr'>presbyteri</span> <span class='ocrx_word' id='word_1_995' title='bbox 1262 4773 1439 4824; x_wconf 84' lang='lat' dir='ltr'>crearentur.</span> 
     </span>
    </p>

    <p class='ocr_par' dir='ltr' id='par_1_24' title="bbox 1089 4832 1969 5481">
     <span class='ocr_line' id='line_1_137' title="bbox 1129 4832 1910 4910; baseline -0.01 -16"><span class='ocrx_word' id='word_1_996' title='bbox 1129 4840 1197 4895; x_wconf 85' lang='lat' dir='ltr'>llurc</span> <span class='ocrx_word' id='word_1_997' title='bbox 1212 4839 1347 4894; x_wconf 80' lang='lat' dir='ltr'>doctrina</span> <span class='ocrx_word' id='word_1_998' title='bbox 1361 4839 1437 4895; x_wconf 84' lang='lat' dir='ltr'>lauet</span> <span class='ocrx_word' id='word_1_999' title='bbox 1448 4839 1524 4910; x_wconf 88' lang='lat' dir='ltr'>quod</span> <span class='ocrx_word' id='word_1_1000' title='bbox 1536 4855 1598 4894; x_wconf 90' lang='lat' dir='ltr'>cum</span> <span class='ocrx_word' id='word_1_1001' title='bbox 1608 4839 1725 4895; x_wconf 88' lang='lat' dir='ltr'>diaconi</span> <span class='ocrx_word' id='word_1_1002' title='bbox 1740 4838 1860 4910; x_wconf 87' lang='lat' dir='ltr'>primum</span> <span class='ocrx_word' id='word_1_1003' title='bbox 1874 4832 1910 4887; x_wconf 93' lang='lat' dir='ltr'>in·</span> 
     </span>
     <span class='ocr_line' id='line_1_138' title="bbox 1091 4907 1909 4983; baseline -0.009 -18"><span class='ocrx_word' id='word_1_1004' title='bbox 1091 4909 1182 4966; x_wconf 88' lang='lat' dir='ltr'>stiluti</span> <span class='ocrx_word' id='word_1_1005' title='bbox 1196 4915 1273 4979; x_wconf 93' lang='lat' dir='ltr'>sunt,</span> <span class='ocrx_word' id='word_1_1006' title='bbox 1287 4911 1415 4965; x_wconf 91' lang='lat' dir='ltr'>nondum</span> <span class='ocrx_word' id='word_1_1007' title='bbox 1431 4914 1513 4965; x_wconf 83' lang='lat' dir='ltr'>eraut</span> <span class='ocrx_word' id='word_1_1008' title='bbox 1534 4909 1640 4981; x_wconf 90' lang='lat' dir='ltr'>scripta</span> <span class='ocrx_word' id='word_1_1009' title='bbox 1669 4907 1835 4983; x_wconf 76' lang='lat' dir='ltr'>Evangelia.</span> <span class='ocrx_word' id='word_1_1010' title='bbox 1847 4908 1909 4961; x_wconf 80' lang='lat' dir='ltr'>lau·</span> 
     </span>
     <span class='ocr_line' id='line_1_139' title="bbox 1092 4976 1909 5046; baseline -0.011 -9"><span class='ocrx_word' id='word_1_1011' title='bbox 1092 4981 1169 5043; x_wconf 86' lang='lat' dir='ltr'>dem,</span> <span class='ocrx_word' id='word_1_1012' title='bbox 1189 4981 1217 5036; x_wconf 90' lang='lat' dir='ltr'>iu</span> <span class='ocrx_word' id='word_1_1013' title='bbox 1231 4982 1350 5037; x_wconf 85' lang='lat' dir='ltr'>concilio</span> <span class='ocrx_word' id='word_1_1014' title='bbox 1365 4980 1501 5037; x_wconf 85' lang='lat' dir='ltr'>Toletano</span> <span class='ocrx_word' id='word_1_1015' title='bbox 1516 4999 1551 5043; x_wconf 84' lang='lat' dir='ltr'>rr.</span> <span class='ocrx_word' id='word_1_1016' title='bbox 1572 4998 1635 5037; x_wconf 88' lang='lat' dir='ltr'>can.</span> <span class='ocrx_word' id='word_1_1017' title='bbox 1653 4983 1700 5046; x_wconf 73' lang='lat' dir='ltr'>i&#39;l,</span> <span class='ocrx_word' id='word_1_1018' title='bbox 1722 4982 1857 5037; x_wconf 85' lang='lat' dir='ltr'>diaconus</span> <span class='ocrx_word' id='word_1_1019' title='bbox 1868 4976 1909 5029; x_wconf 90' lang='lat' dir='ltr'>de·</span> 
     </span>
     <span class='ocr_line' id='line_1_140' title="bbox 1091 5052 1909 5124; baseline -0.011 -17"><span class='ocrx_word' id='word_1_1020' title='bbox 1091 5053 1228 5124; x_wconf 82' lang='lat' dir='ltr'>gradatus</span> <span class='ocrx_word' id='word_1_1021' title='bbox 1245 5052 1348 5123; x_wconf 85' lang='lat' dir='ltr'>accipit</span> <span class='ocrx_word' id='word_1_1022' title='bbox 1360 5056 1473 5108; x_wconf 88' lang='lat' dir='ltr'>tantum</span> <span class='ocrx_word' id='word_1_1023' title='bbox 1487 5052 1613 5108; x_wconf 89' lang='lat' dir='ltr'>orarium</span> <span class='ocrx_word' id='word_1_1024' title='bbox 1627 5056 1659 5108; x_wconf 85' lang='lat' dir='ltr'>et</span> <span class='ocrx_word' id='word_1_1025' title='bbox 1672 5053 1772 5109; x_wconf 85' lang='lat' dir='ltr'>albam</span> <span class='ocrx_word' id='word_1_1026' title='bbox 1787 5067 1848 5107; x_wconf 89' lang='lat' dir='ltr'>eum</span> <span class='ocrx_word' id='word_1_1027' title='bbox 1860 5060 1909 5101; x_wconf 86' lang='lat' dir='ltr'>sue</span> 
     </span>
     <span class='ocr_line' id='line_1_141' title="bbox 1092 5119 1908 5197; baseline 0.001 -20"><span class='ocrx_word' id='word_1_1028' title='bbox 1092 5125 1224 5197; x_wconf 82' lang='lat' dir='ltr'>dignitati</span> <span class='ocrx_word' id='word_1_1029' title='bbox 1240 5123 1416 5193; x_wconf 89' lang='lat' dir='ltr'>restituitur;</span> <span class='ocrx_word' id='word_1_1030' title='bbox 1432 5123 1463 5178; x_wconf 81' lang='lat' dir='ltr'>st</span> <span class='ocrx_word' id='word_1_1031' title='bbox 1484 5125 1622 5181; x_wconf 88' lang='lat' dir='ltr'>Diaconus</span> <span class='ocrx_word' id='word_1_1032' title='bbox 1646 5123 1742 5195; x_wconf 89' lang='lat' dir='ltr'>inquit</span> <span class='ocrx_word' id='word_1_1033' title='bbox 1755 5119 1908 5179; x_wconf 74' lang='lat' dir='ltr'>concilium,</span> 
     </span>
     <span class='ocr_line' id='line_1_142' title="bbox 1090 5193 1969 5269; baseline -0.009 -19"><span class='ocrx_word' id='word_1_1034' title='bbox 1090 5194 1590 5259; x_wconf 82' lang='lat' dir='ltr'>orariumetalbam.nullaiactalibri</span> <span class='ocrx_word' id='word_1_1035' title='bbox 1601 5193 1824 5264; x_wconf 70' lang='lat' dir='ltr'>Evangeliorum</span> <span class='ocrx_word' id='word_1_1036' title='bbox 1837 5204 1909 5246; x_wconf 87' lang='lat' dir='ltr'>meu·</span> <span class='ocrx_word' id='word_1_1037' title='bbox 1968 5204 1969 5269; x_wconf 34' lang='grc' dir='ltr'>ζ</span> 
     </span>
     <span class='ocr_line' id='line_1_143' title="bbox 1091 5263 1969 5338; baseline -0.01 -17"><span class='ocrx_word' id='word_1_1038' title='bbox 1091 5267 1179 5332; x_wconf 88' lang='lat' dir='ltr'>tione,</span> <span class='ocrx_word' id='word_1_1039' title='bbox 1196 5265 1294 5338; x_wconf 90' lang='lat' dir='ltr'>recipit</span> <span class='ocrx_word' id='word_1_1040' title='bbox 1306 5266 1383 5320; x_wconf 87' lang='lat' dir='ltr'>enim</span> <span class='ocrx_word' id='word_1_1041' title='bbox 1395 5265 1509 5335; x_wconf 89' lang='lat' dir='ltr'>idquod</span> <span class='ocrx_word' id='word_1_1042' title='bbox 1526 5265 1602 5338; x_wconf 90' lang='lat' dir='ltr'>prius</span> <span class='ocrx_word' id='word_1_1043' title='bbox 1617 5265 1646 5320; x_wconf 92' lang='lat' dir='ltr'>iu</span> <span class='ocrx_word' id='word_1_1044' title='bbox 1664 5283 1718 5321; x_wconf 89' lang='lat' dir='ltr'>sua</span> <span class='ocrx_word' id='word_1_1045' title='bbox 1733 5263 1906 5321; x_wconf 88' lang='lat' dir='ltr'>ordinatione</span> <span class='ocrx_word' id='word_1_1046' title='bbox 1968 5286 1969 5331; x_wconf 62' lang='lat'>;</span> 
     </span>
     <span class='ocr_line' id='line_1_144' title="bbox 1090 5334 1969 5408; baseline -0.005 -17"><span class='ocrx_word' id='word_1_1047' title='bbox 1090 5342 1249 5406; x_wconf 82' lang='lat' dir='ltr'>acceperut,</span> <span class='ocrx_word' id='word_1_1048' title='bbox 1264 5341 1294 5393; x_wconf 93' lang='lat' dir='ltr'>ut</span> <span class='ocrx_word' id='word_1_1049' title='bbox 1306 5342 1346 5391; x_wconf 91' lang='lat' dir='ltr'>est</span> <span class='ocrx_word' id='word_1_1050' title='bbox 1360 5336 1389 5391; x_wconf 92' lang='lat' dir='ltr'>in</span> <span class='ocrx_word' id='word_1_1051' title='bbox 1405 5339 1505 5392; x_wconf 85' lang='lat' dir='ltr'>eodeni</span> <span class='ocrx_word' id='word_1_1052' title='bbox 1518 5352 1638 5399; x_wconf 85' lang='lat' dir='ltr'>canone,</span> <span class='ocrx_word' id='word_1_1053' title='bbox 1655 5337 1704 5408; x_wconf 86' lang='lat' dir='ltr'>qui</span> <span class='ocrx_word' id='word_1_1054' title='bbox 1718 5337 1760 5393; x_wconf 84' lang='lat' dir='ltr'>ita</span> <span class='ocrx_word' id='word_1_1055' title='bbox 1770 5354 1799 5392; x_wconf 90' lang='lat' dir='ltr'>se</span> <span class='ocrx_word' id='word_1_1056' title='bbox 1815 5334 1907 5389; x_wconf 82' lang='lat' dir='ltr'>hebel:</span> <span class='ocrx_word' id='word_1_1057' title='bbox 1968 5348 1969 5405; x_wconf 69' lang='lat' dir='ltr'><strong>j</strong></span> 
     </span>
     <span class='ocr_line' id='line_1_145' title="bbox 1089 5401 1909 5481; baseline -0.009 -17"><span class='ocrx_word' id='word_1_1058' title='bbox 1089 5410 1245 5481; x_wconf 82' lang='lat' dir='ltr'>Episcopus,</span> <span class='ocrx_word' id='word_1_1059' title='bbox 1256 5408 1397 5480; x_wconf 76' lang='lat' dir='ltr'>presbyter</span> <span class='ocrx_word' id='word_1_1060' title='bbox 1410 5415 1459 5463; x_wconf 90' lang='lat' dir='ltr'>aut</span> <span class='ocrx_word' id='word_1_1061' title='bbox 1475 5407 1619 5471; x_wconf 81' lang='lat' dir='ltr'>Diaconos,</span> <span class='ocrx_word' id='word_1_1062' title='bbox 1634 5408 1660 5462; x_wconf 87' lang='lat' dir='ltr'>si</span> <span class='ocrx_word' id='word_1_1063' title='bbox 1674 5426 1691 5463; x_wconf 91' lang='lat' dir='ltr'>u</span> <span class='ocrx_word' id='word_1_1064' title='bbox 1705 5407 1796 5480; x_wconf 82' lang='lat' dir='ltr'>prado</span> <span class='ocrx_word' id='word_1_1065' title='bbox 1816 5421 1861 5461; x_wconf 88' lang='lat' dir='ltr'>suo</span> <span class='ocrx_word' id='word_1_1066' title='bbox 1872 5401 1909 5456; x_wconf 87' lang='lat' dir='ltr'>in·</span> 
     </span>
    </p>
   </div>
   <div class='ocr_carea' id='block_1_19' title="bbox 212 5552 1908 5712">
    <p class='ocr_par' dir='ltr' id='par_1_25' title="bbox 212 5552 1908 5712">
     <span class='ocr_line' id='line_1_146' title="bbox 247 5552 1906 5629; baseline -0.002 -11"><span class='ocrx_word' id='word_1_1067' title='bbox 247 5561 385 5619; x_wconf 88' lang='lat' dir='ltr'>·Consule</span> <span class='ocrx_word' id='word_1_1068' title='bbox 405 5573 504 5614; x_wconf 82' lang='lat' dir='ltr'>novam</span> <span class='ocrx_word' id='word_1_1069' title='bbox 529 5570 643 5628; x_wconf 88' lang='lat' dir='ltr'>operum</span> <span class='ocrx_word' id='word_1_1070' title='bbox 662 5552 801 5610; x_wconf 73' lang='lat' dir='ltr'>Ambrosii</span> <span class='ocrx_word' id='word_1_1071' title='bbox 830 5552 982 5610; x_wconf 85' lang='lat' dir='ltr'>Editionem</span> <span class='ocrx_word' id='word_1_1072' title='bbox 999 5555 1034 5611; x_wconf 90' lang='lat' dir='ltr'>ad</span> <span class='ocrx_word' id='word_1_1073' title='bbox 1089 5561 1128 5616; x_wconf 88' lang='lat' dir='ltr'>De</span> <span class='ocrx_word' id='word_1_1074' title='bbox 1143 5560 1295 5616; x_wconf 74' lang='lat' dir='ltr'>multatione</span> <span class='ocrx_word' id='word_1_1075' title='bbox 1305 5558 1379 5615; x_wconf 86' lang='lat' dir='ltr'>vocis</span> <span class='ocrx_word' id='word_1_1076' title='bbox 1391 5562 1615 5616; x_wconf 78' lang='lat' dir='ltr'>enumerationem</span> <span class='ocrx_word' id='word_1_1077' title='bbox 1628 5558 1657 5614; x_wconf 87' lang='lat' dir='ltr'>in</span> <span class='ocrx_word' id='word_1_1078' title='bbox 1673 5559 1906 5629; x_wconf 77' lang='lat' dir='ltr'>dispensationem</span> 
     </span>
     <span class='ocr_line' id='line_1_147' title="bbox 212 5625 1908 5712; baseline -0.006 -21"><span class='ocrx_word' id='word_1_1079' title='bbox 212 5637 285 5691; x_wconf 89' lang='lat' dir='ltr'>huuc</span> <span class='ocrx_word' id='word_1_1080' title='bbox 299 5630 462 5712; x_wconf 61' lang='lat' dir='ltr'>recensui</span> <span class='ocrx_word' id='word_1_1081' title='bbox 475 5629 515 5683; x_wconf 85' lang='lat' dir='ltr'>sic</span> <span class='ocrx_word' id='word_1_1082' title='bbox 530 5628 680 5700; x_wconf 84' lang='lat' dir='ltr'>protertur:</span> <span class='ocrx_word' id='word_1_1083' title='bbox 698 5626 752 5681; x_wconf 83' lang='lat' dir='ltr'>Cui</span> <span class='ocrx_word' id='word_1_1084' title='bbox 765 5626 927 5681; x_wconf 82' lang='lat' dir='ltr'>commisisti</span> <span class='ocrx_word' id='word_1_1085' title='bbox 945 5627 1034 5683; x_wconf 84' lang='lat' dir='ltr'>domi·</span> <span class='ocrx_word' id='word_1_1086' title='bbox 1085 5630 1248 5705; x_wconf 77' lang='lat' dir='ltr'>legencium</span> <span class='ocrx_word' id='word_1_1087' title='bbox 1275 5632 1519 5688; x_wconf 85' lang='lat' dir='ltr'>eruditissimorum</span> <span class='ocrx_word' id='word_1_1088' title='bbox 1531 5632 1684 5703; x_wconf 86' lang='lat' dir='ltr'>Editorum,</span> <span class='ocrx_word' id='word_1_1089' title='bbox 1702 5649 1759 5705; x_wconf 85' lang='lat' dir='ltr'>qua</span> <span class='ocrx_word' id='word_1_1090' title='bbox 1783 5631 1857 5687; x_wconf 87' lang='lat' dir='ltr'>locus</span> <span class='ocrx_word' id='word_1_1091' title='bbox 1868 5625 1908 5683; x_wconf 90' lang='lat' dir='ltr'>bic</span> 
     </span>
    </p>
   </div>
   <div class='ocr_carea' id='block_1_20' title="bbox 211 5698 1033 5837">
    <p class='ocr_par' dir='ltr' id='par_1_26' title="bbox 211 5698 1033 5837">
     <span class='ocr_line' id='line_1_148' title="bbox 211 5698 1033 5775; baseline -0.009 -14"><span class='ocrx_word' id='word_1_1092' title='bbox 211 5704 424 5775; x_wconf 75' lang='lat' dir='ltr'>nimianpuims</span> <span class='ocrx_word' id='word_1_1093' title='bbox 435 5700 672 5757; x_wconf 83' lang='lat' dir='ltr'>consecrationem.</span> <span class='ocrx_word' id='word_1_1094' title='bbox 697 5698 799 5753; x_wconf 82' lang='lat' dir='ltr'>Ferant</span> <span class='ocrx_word' id='word_1_1095' title='bbox 818 5704 908 5752; x_wconf 87' lang='lat' dir='ltr'>tamen</span> <span class='ocrx_word' id='word_1_1096' title='bbox 925 5698 1033 5754; x_wconf 85' lang='lat' dir='ltr'>lectioni</span> 
     </span>
     <span class='ocr_line' id='line_1_149' title="bbox 213 5766 1032 5837; baseline -0.009 0"><span class='ocrx_word' id='word_1_1097' title='bbox 213 5774 288 5837; x_wconf 87' lang='lat' dir='ltr'>Petri</span> <span class='ocrx_word' id='word_1_1098' title='bbox 302 5773 428 5833; x_wconf 80' lang='lat' dir='ltr'>cantoris</span> <span class='ocrx_word' id='word_1_1099' title='bbox 442 5773 535 5830; x_wconf 86' lang='lat' dir='ltr'>decem</span> <span class='ocrx_word' id='word_1_1100' title='bbox 545 5770 612 5829; x_wconf 86' lang='lat' dir='ltr'>Cod.</span> <span class='ocrx_word' id='word_1_1101' title='bbox 628 5786 679 5827; x_wconf 86' lang='lat' dir='ltr'>ms.</span> <span class='ocrx_word' id='word_1_1102' title='bbox 697 5766 792 5828; x_wconf 85' lang='lat' dir='ltr'>Gallie.</span> <span class='ocrx_word' id='word_1_1103' title='bbox 812 5772 839 5825; x_wconf 89' lang='lat' dir='ltr'>et</span> <span class='ocrx_word' id='word_1_1104' title='bbox 852 5786 923 5826; x_wconf 86' lang='lat' dir='ltr'>unus</span> <span class='ocrx_word' id='word_1_1105' title='bbox 943 5769 1032 5830; x_wconf 83' lang='lat' dir='ltr'>Vatis.</span> 
     </span>
    </p>
   </div>
   <div class='ocr_carea' id='block_1_21' title="bbox 1088 5692 1478 5831">
    <p class='ocr_par' dir='ltr' id='par_1_27' title="bbox 1088 5692 1478 5831">
     <span class='ocr_line' id='line_1_150' title="bbox 1088 5692 1478 5762; baseline -0.005 0"><span class='ocrx_word' id='word_1_1106' title='bbox 1088 5703 1304 5762; x_wconf 85' lang='lat' dir='ltr'>luculentissime</span> <span class='ocrx_word' id='word_1_1107' title='bbox 1318 5692 1478 5760; x_wconf 72' lang='lat' dir='ltr'>illustritur.</span> 
     </span>
     <span class='ocr_line' id='line_1_151' title="bbox 1121 5804 1127 5831; baseline 0 0"><span class='ocrx_word' id='word_1_1108' title='bbox 1121 5804 1127 5831; x_wconf 85' lang='grc' dir='ltr'>Ι</span> 
     </span>
    </p>
   </div>
   <div class='ocr_carea' id='block_1_22' title="bbox 0 0 2016 6169">
    <p class='ocr_par' dir='ltr' id='par_1_28' title="bbox 0 0 2016 6169">
     <span class='ocr_line' id='line_1_152' title="bbox 0 0 2016 6169; baseline 0 0"><span class='ocrx_word' id='word_1_1109' title='bbox 0 0 2016 6169; x_wconf 95' lang='lat' dir='ltr'> </span> 
     </span>
    </p>
   </div>
  </div>
 </body>
</html>
