4074 6174
6 210 8 219 ’
123 254 185 323 ιιι
473 190 476 197 ’
577 312 582 315 .
768 235 1187 335 uinimsoicnoms.
1773 268 1833 329 ui

121 389 283 455 consuerit,
301 390 331 446 iii
344 388 424 447 vohis
437 388 509 449 illud
528 407 697 449 maseriare
711 393 797 462 atque
812 382 953 453 multipli·
968 384 992 443 Α
1007 382 1066 440 lissi
1078 389 1125 470 ιιι
1138 404 1192 458 pax
1203 388 1313 462 iugiter
1325 391 1422 463 quieta
1437 395 1648 464 permanentia
1663 395 1835 469 habitaculis

120 479 187 520 care
200 477 351 534 nunquam
364 462 492 519 desistat.
519 466 616 520 nmen.
628 463 809 521 zizaniorum
822 470 951 529 superse·
1006 460 1118 513 restris.
1133 462 1235 515 tinen.
1253 463 1334 528 Quod
1349 462 1409 535 ipse
1423 471 1566 536 prestare,
1583 471 1636 523 etc.

120 535 301 590 minatorem
311 550 328 588 a
338 533 416 589 iobis
431 534 529 606 procul
557 535 687 608 repellat.
709 539 738 591 ei
752 532 796 590 sui
810 526 887 587 ierbi
901 542 951 598 pa·
1041 528 1207 588 Benedictio
1215 532 1581 603 infi·uhebdoinndum.-⁰
1596 538 1724 609 Respice,
1734 540 1835 598 Pastor

6 622 8 625 ·
120 605 189 662 bulo
200 622 250 661 ros
259 604 453 662 indesinenter
476 606 594 663 reliciat.
611 610 712 662 lmen.
726 606 788 671 Quo
805 618 869 658 cuin
890 597 952 653 dics
1007 597 1090 663 bone,
1107 616 1192 672 super
1206 602 1284 659 hunc
1298 621 1423 677 gregem,
1437 611 1466 662 et
1480 609 1571 666 tribue
1586 614 1619 665 ut
1639 611 1687 681 qui
1713 612 1835 668 terrenis

114 677 222 761 judicii
233 674 392 741 advenerit,
420 693 438 732 a
458 692 491 732 re
512 678 587 735 robis
597 677 733 749 separati,
750 677 787 732 ad
802 674 950 729 desieram
1005 668 1151 727 abstinent
1164 673 1244 737 cibis,
1260 674 1454 747 spiritualibus
1469 681 1794 750 pascantoraliiiioniis;
1807 688 1835 739 et

132 748 226 805 udicis
234 746 391 813 sistamini,
406 752 435 804 et
449 747 477 803 in
491 694 657 805 Beatissimo
679 748 769 819 ipsius
792 760 880 820 regno
894 741 950 797 col-
1005 756 1091 812 quein
1107 742 1212 828 diripis
1227 746 1342 803 relicere
1358 747 1457 804 tribuis
1481 751 1679 818 sacramentis,
1693 754 1835 813 abomiti-

102 825 110 831 ’
127 818 268 879 ocemini.
282 820 386 875 dinen.
406 819 487 884 Quod
500 818 561 891 ipse
575 824 785 892 praetonante.
1005 811 1058 895 biis
1074 820 1213 886 propitius
1225 817 1340 874 absolve
1356 819 1488 891 peccatis.
1501 832 1600 878 amen.
1617 824 1658 879 Da
1672 822 1714 880 eis
1736 824 1777 882 sic
1804 825 1833 882 iii

192 887 353 947 Beudicno
367 889 517 946 Dominicis
530 891 611 973 'lpist
625 887 878 947 Natalenltoinins'.
903 956 910 968 .
1006 883 1106 967 diebus
1116 887 1297 960 jejuniorum
1310 906 1392 946 susm
1414 907 1587 963 componere
1611 894 1706 960 sitan
1720 903 1752 952 ut
1775 913 1833 954 non

154 978 164 1002 .
178 961 267 1027 Dens,
282 959 330 1033 qui
344 976 424 1018 mnne
434 961 492 1018 suis
504 964 623 1034 pedibus
649 962 716 1020 lecit
726 979 788 1018 csse
802 955 949 1022 calcabile,
1005 963 1190 1015 inveniantur
1206 960 1367 1018 uoluntates
1377 979 1477 1019 eornm
1491 981 1508 1020 a
1522 969 1572 1020 tiia
1587 966 1733 1024 voluntate
1752 967 1834 1024 dissi-

119 1032 201 1089 robis
211 1030 351 1106 quidquid
361 1036 401 1089 est
419 1032 537 1089 noxium
561 1033 621 1106 ipse
649 1034 822 1090 substernat.
845 1032 948 1086 lmen.
1006 1024 1097 1093 miles,
1113 1031 1163 1085 sed
1188 1030 1246 1086 sint
1272 1048 1384 1104 semper
1408 1033 1436 1089 in
1459 1034 1594 1091 omnihus
1610 1036 1665 1092 tuis
1684 1038 1834 1121 piraeceptis

119 1104 288 1161 Conbarios
315 1102 532 1161 immundorum
549 1105 697 1177 spirituum
711 1108 805 1161 motus
831 1116 948 1171 compe·
1005 1099 1248 1171 obtemperantes.
1265 1105 1367 1161 Amen.
1385 1104 1418 1160 Bt
1430 1106 1593 1162 itaomnem
1604 1108 1678 1164 lianc
1694 1108 1834 1166 familiam

118 1180 192 1239 mi,
206 1180 236 1231 et
248 1190 300 1231 vos
313 1174 342 1231 iii
352 1192 480 1258 suspice
490 1174 650 1234 confirmat.
665 1182 768 1232 amen.
779 1171 874 1231 Crucis
888 1185 949 1227 suae
1004 1173 1055 1224 tua
1069 1170 1267 1231 Benedictionc
1276 1175 1464 1243 sanctificata,
1475 1182 1505 1232 ut
1519 1180 1834 1252 eorumjejuniaocutis

119 1247 220 1304 nnvim
231 1245 307 1303 inter
317 1248 419 1302 mundi
432 1247 721 1320 fluctusgubernel,et
731 1249 760 1303 in
772 1245 949 1303 littusbeatae
1004 1244 1058 1296 tuas
1069 1241 1182 1312 pietalis
1197 1244 1256 1300 sint
1265 1262 1378 1330 semper
1392 1254 1518 1332 accepta,
1539 1255 1566 1306 et
1587 1249 1624 1307 ad
1640 1251 1834 1309 desideratum

117 1316 309 1391 perennitatis
336 1319 486 1391 perducat.
506 1320 609 1377 Amen.
624 1320 705 1386 Quod
727 1318 786 1392 ipse
800 1318 947 1391 prestere,
1004 1317 1112 1368 sancte
1125 1315 1349 1374 llesurrectionis
1365 1322 1422 1375 ture
1436 1321 1514 1377 diem
1529 1323 1696 1380 rosmunda
1707 1324 1792 1380 corde
1805 1327 1835 1381 et

119 1406 165 1446 ec
1003 1398 1122 1454 corpore
1135 1402 1187 1456 pro
1209 1390 1260 1443 tua
1274 1390 1379 1460 pietate
1396 1390 1498 1462 jubeas
1520 1394 1699 1464 praesentari.
1721 1395 1829 1452 timeo.

299 1487 469 1546 mentatio
482 1488 515 1545 tn
538 1487 769 1561 mmmm,
1004 1454 1086 1520 Quod
1103 1455 1163 1528 ipse
1179 1463 1400 1531 praeiacente.

152 1585 342 1658 Omnipotens
352 1585 427 1643 Deus
440 1586 482 1643 ita
492 1586 619 1643 studium
643 1585 728 1643 vestri
755 1600 853 1642 cumas
881 1582 950 1640 diri·
1081 1554 1251 1612 Bmdmw
1267 1556 1426 1617 ⁰⁰¹⁷&ststae
1442 1561 1504 1617 ²¹3⁸
1515 1561 1750 1635 Quadrupesimc.

117 1658 423 1732 paradignetumta,
437 1666 470 1714 iii
485 1660 516 1715 t'n
530 1656 948 1716 Eritncomnniteniibuitta·
1039 1649 1228 1725 Omnipotens
1263 1654 1347 1713 Deus.
1372 1656 1476 1730 jejunii
1505 1660 1743 1732 ceterarumque,
1771 1665 1828 1720 etc.

117 1729 280 1801 amerinis,
298 1729 407 1787 (temet,
421 1730 539 1786 sintin,
966 1746 989 1807 B
1007 1721 1833 1807 Inlidit.Busiunciltubmtoiturudbucneraneuignus

147 1800 216 1858 itta
229 1800 408 1859 Bendictio.
421 1799 591 1873 -Respica
618 1799 749 1865 Domine,
767 1799 802 1856 de
816 1797 900 1864 eoelo,
920 1802 949 1855 et
1003 1793 1145 1850 auditum.
1161 1798 1392 1855 Amenomissio
1402 1801 1563 1858 esteeutiis
1573 1803 1733 1861 Berusiset
1744 1821 1833 1861 muira

115 1868 179 1930 ride
189 1874 221 1928 et
232 1871 316 1928 visita
331 1873 446 1928 vineam
459 1871 556 1937 istam,
573 1889 660 1943 quarn
682 1871 821 1942 plantavit
834 1870 950 1926 dextera
1003 1865 1134 1922 exoratis
1148 1868 1533 1943 supplendu,·abiqsieenim
1542 1873 1655 1944 tepi'tar
1666 1891 1672 1931 :
1685 1879 1832 1941 Quatenus

113 1945 185 2000 tna:
202 1943 368 2015 spirituales
387 1942 541 2000 exhibeant
551 1943 671 2009 fructus,
684 1947 712 1999 et
732 1942 863 1999 celestes
888 1940 949 1996 dili·
1004 1940 1116 1992 mentes
1128 1942 1240 1999 nostrus.
1255 1943 1320 2004 etc,
1335 1948 1367 1997 ttt
1380 1942 1412 1998 in
1428 1942 1505 1998 tidro
1519 1943 1655 2000 Sacrum.

109 2018 187 2086 gant
201 2021 292 2085 actus,
305 2020 333 2071 et
345 2014 408 2072 sine
426 2013 495 2070 vitio
516 2014 546 2071 iii
572 2014 627 2070 boo
652 2013 757 2071 seculo
785 2010 949 2084 transigant
1042 2007 1206 2091 Benedictio
1220 2011 1832 2089 infiubebdoiniiduin.-Deus,quiescas-

109 2084 218 2152 ritm,
229 2090 261 2141 ni
275 2085 385 2158 possint
399 2086 555 2157 promereri
567 2090 741 2159 perpetuam.
757 2086 860 2140 nmen.
883 2085 948 2139 Fra·
1004 2080 1048 2135 tos
1063 2095 1227 2135 animarum
1242 2088 1444 2153 etcorporum,
1460 2085 1579 2157 dignare
1596 2086 1671 2143 hanc
1691 2088 1830 2144 familiam

107 2155 202 2228 gilem
221 2155 493 2222 solida,cootrituni
519 2158 624 2221 retain,
650 2157 810 2212 invalidum
832 2156 948 2221 robora,
1003 2153 1083 2204 tuam
1098 2151 1213 2207 bruenio
1236 2153 1481 2212 tundetsnstonts
1503 2162 1663 2229 protegere,
1686 2165 1718 2215 ut
1744 2159 1831 2219 uultis

109 2226 301 2311 validumque
311 2228 469 2295 confirma;
485 2225 590 2301 pietate
598 2228 700 2294 alleva,
716 2227 857 2283 charitate
880 2226 945 2283 aedi·
1003 2219 1184 2306 inimicorum
1199 2222 1382 2351 antigniacum
1394 2227 1516 2283 hostiurn
1528 2228 1767 2301 insidiiscorpora
1779 2246 1832 2286 no·

106 2298 181 2359 fica.
194 2303 328 2356 castitate
341 2299 463 2367 munda,
476 2298 617 2371 sapientia
630 2297 773 2363 illumina,
788 2297 948 2354 misericor·
1002 2295 1063 2349 stra
1078 2298 1195 2364 patiaris
1210 2294 1259 2351 1¹¹⁰
1283 2312 1302 2361 ¹,
1315 2298 1365 2353 ted
1377 2313 1491 2369 semper
1513 2315 1579 2355 cum
1595 2300 1718 2357 Domino
1732 2306 1831 2358 nostro

108 2368 165 2427 dia
174 2372 383 2429 seriehmen.
401 2369 637 2445 Proficiunthuic
658 2375 799 2443 praecepto
828 2368 894 2425 lldei
910 2367 948 2424 ri·
1001 2364 1068 2419 lesu
1079 2364 1190 2422 Christo
1205 2366 1276 2422 Filio
1291 2372 1341 2423 tuo
1353 2385 1523 2426 maneamus
1546 2370 1637 2427 illiesi.
1667 2376 1768 2429 Amen.
1791 2375 1832 2430 Oa

105 2439 364 2513 gilantia,ani0ris
385 2441 426 2498 tui
443 2440 666 2514 perseverantia,
702 2456 815 2496 morum
841 2445 948 2512 tempe·
1002 2433 1068 2491 liiiio
1081 2434 1830 2516 familiistutelideicalorem,continentiaerigoiem,

105 2512 220 2577 rantis,
232 2511 433 2570 misericordiis
448 2512 637 2583 providentis,
653 2510 945 2583 sctunmdisciplina;
1002 2504 1191 2564 fraternitatis
1203 2526 1346 2576 amorem,
1357 2511 1537 2569 abstinentie
1561 2514 1704 2570 virtutem.
1720 2516 1826 2572 Amen.
1914 2558 1918 2565 .

106 2587 147 2640 ist
216 2588 408 2641 tmncessam
424 2583 618 2641 miserationis
645 2583 865 2655 indulgentiam,
890 2598 946 2639 nnn
1001 2575 1036 2633 Bt
1048 2577 1089 2633 sic
1102 2579 1241 2661 quidquid
1256 2581 1343 2647 dicto,
1357 2582 1442 2648 iacto,
1465 2583 1508 2640 iel
1523 2585 1744 2656 cogitationibus
1769 2602 1832 2659 pec·

104 2600 238 2728 nisime
249 2655 570 2726 eospromissioisistues
587 2655 792 2720 munificentia,
817 2655 867 2713 sed
876 2671 944 2737 per·
1001 2656 1148 2732 caverunt,
1165 2656 1255 2722 pietas
1268 2668 1301 2709 ac
1313 2653 1473 2738 benignitas
1487 2655 1648 2713 clementias
1669 2674 1703 2713 ac
1721 2657 1830 2715 miseri·

104 2726 206 2783 aum
212 2726 382 2793 adveniam,
394 2744 467 2799 quos
478 2727 524 2783 hic
534 2726 589 2784 sibi
598 2726 744 2799 adoptasti
753 2731 944 2799 pergratiam.
1001 2721 1107 2803 condias
1118 2726 1175 2777 tuae
1189 2723 1330 2781 resolvere
1346 2741 1379 2781 ac
1391 2724 1539 2798 indulgere
1561 2727 1704 2801 dignetur.
1720 2732 1825 2789 anien.

102 2800 221 2857 Amen.
233 2799 317 2865 Ouod
331 2799 392 2871 ipse
406 2802 552 2871 prestare,
569 2802 623 2856 ete.
1001 2792 1084 2859 Ound
1099 2809 1160 2864 ipse
1173 2798 1319 2865 prestare,
1334 2800 1389 2853 etc.

277 2896 312 2952 ln
325 2895 493 2954 Benedictio
516 2898 547 2954 in
560 2896 766 2969 Seeupesiinu.
1082 2890 1252 2949 Benedictio
1266 2894 1424 2952 [lominica
1434 2895 1467 2951 in
1479 2900 1497 2959 ³.
1509 2896 1746 2969 Quadrupesiinn.

147 2993 205 3050 Det
219 2993 541 3053 vobisbouiinusnossi
556 2994 725 3067 mysterium
741 2994 820 3067 regui
833 2993 895 3063 Dei,
912 3001 944 3051 ut
1036 2988 1224 3061 Omnipotens
1237 2992 1322 3061 Dens,
1338 2992 1528 3066 jejuniorum.
1543 2998 1610 3062 ele.
1626 3002 1659 3051 vt
1673 2997 1705 3052 t'tt
1719 2996 1828 3053 Edilir·

101 3065 142 3123 iss
158 3064 268 3123 Bdi'tt's.
1035 3061 1125 3133 630
1139 3061 1219 3139 Atia.
1233 3063 1466 3135 -Omnipoteus
1482 3066 1554 3122 heus
1567 3067 1616 3123 det
1627 3066 1829 3139 iobiscopiam

143 3135 220 3193 Atio
234 3136 410 3195 Benedictio.
425 3168 458 3180 -
474 3136 600 3211 Aspiciat
625 3138 653 3194 in
678 3154 729 3193 ros
741 3139 846 3196 Rector
858 3142 943 3194 ister·
961 3111 1058 3187 csue
1071 3132 1289 3216 benedictionis.
1306 3140 1335 3191 et
1357 3136 1488 3192 conterat
1516 3137 1545 3193 iii
1573 3138 1651 3193 iobis
1677 3137 1829 3210 premium

99 3223 179 3273 niis,
195 3211 281 3281 atque
295 3212 445 3265 conservet
456 3209 485 3264 in
506 3209 586 3265 vobis
612 3209 738 3281 gratiam
751 3209 945 3281 quamproiu·
999 3208 1182 3287 sempiternae
1197 3205 1308 3289 salutis.
1321 3208 1425 3264 nmen.
1449 3207 1476 3263 Si
1515 3226 1549 3264 ue
1572 3208 1830 3335 quadrafssiinalis

99 3280 169 3336 dii.
182 3282 285 3335 Anien.
302 3278 428 3337 Mentem
440 3284 530 3352 regat,
548 3280 607 3337 rias
625 3279 740 3354 dirigat,
756 3278 944 3352 cogitationes
999 3276 1187 3332 observantie
1205 3277 1341 3333 inchoata
1357 3277 1466 3352 'ejunii
1482 3279 1506 3335 si
1526 3282 1654 3337 ireddat
1667 3298 1685 3351 p
1697 3280 1829 3351 scabilla,

99 3349 391 3434 unctasinierrant,
403 3357 482 3408 nctus
496 3353 606 3423 probet,
636 3368 723 3434 opera
735 3352 826 3479 0⁰39
842 3350 943 3407 confir·
999 3350 1031 3402 ut
1044 3347 1125 3429 abeo
1140 3346 1349 3405 immarcescihi
1362 3349 1391 3406 ia
1403 3350 1523 3407 valeatis
1536 3351 1680 3421 percipere
1694 3353 1772 3435 dona
1787 3368 1830 3432 re-

99 3424 185 3485 met,
199 3422 673 3511 praeteritaindulgeat,prissenha
686 3438 750 3479 eme
791 3430 831 3489 et,
848 3422 945 3479 lutura
1000 3422 1267 3501 promtissimam
1286 3419 1487 3501 concedatque
1500 3420 1554 3477 hoc
1568 3438 1659 3479 sacrae
1683 3424 1831 3479 Trinitatis

98 3492 477 3551 maturanensis
511 3511 613 3551 manus
645 3494 758 3551 ltoniini
781 3493 945 3550 auxiliatrix
999 3493 1086 3560 atque
1100 3490 1253 3545 individuas
1266 3495 1382 3546 unitatis
1396 3491 1651 3564 clementia,cujus
1665 3509 1786 3566 regnum
1802 3497 1832 3550 et

99 3564 214 3632 vestri,
231 3568 260 3620 et
273 3565 422 3622 brachium
436 3569 570 3623 mactum
595 3565 672 3622 illius
686 3564 843 3638 opituletur
854 3564 943 3623 iobis.
999 3558 1153 3632 imperium
1167 3559 1229 3617 sine
1243 3560 1300 3618 line
1314 3568 1466 3632 permanet
1477 3562 1506 3618 in
1521 3564 1627 3620 siecula
1642 3564 1826 3625 seculorum.

98 3639 222 3695 Amen.
237 3636 547 3710 Ouodipseprrastare,
563 3639 620 3697 ate.
978 3636 1105 3695 ,Amaia

277 3734 447 3792 Benedictio
461 3734 494 3792 i'n
508 3734 764 3808 Quinquepertita.
1071 3729 1241 3789 Benedictio
1255 3730 1444 3791 Ooinins'tael
1460 3733 1493 3790 in
1503 3731 1753 3806 Quadrupesimu.

142 3829 341 3903 Omnipotens
356 3834 430 3889 lteris
442 3849 497 3889 siin
512 3849 561 3889 ros
570 3831 773 3890 Benedictione
782 3833 943 3901 confirmet,
1034 3829 1109 3887 Dens
1122 3827 1171 3901 qui
1185 3845 1236 3886 ros
1250 3830 1288 3885 ad
1300 3830 1497 3913 praesentium,
1510 3835 1576 3890 etc..
1593 3838 1625 3889 ut
1642 3835 1673 3889 in
1688 3832 1792 3890 stitis.

98 3901 589 3976 ctimminentiipniidragesimelilt
604 3903 788 3963 abstinentias
798 3904 945 3977 aptoselll·
1034 3901 1103 3957 Atio
1117 3901 1282 3958 Benedictio
1294 3905 1373 3972 infru
1395 3903 1616 3960 tetdomiidiim.
1631 3934 1666 3945 -
1676 3904 1831 3961 Benedicat

98 3976 176 4034 ciat.
193 3976 388 4043 Ameneia,
401 3985 435 4032 itt
458 3980 488 4032 in
508 3975 588 4032 Bitit.
1000 3987 1050 4028 ros
1071 3971 1254 4044 omnipotens
1270 3973 1354 4038 Deus,
1370 3978 1400 4029 ei
1417 3976 1455 4030 ad
1470 3991 1586 4031 ornnem
1601 3982 1710 4032 rectam
1734 3976 1831 4032 obser·

136 4046 222 4104 Atta
233 4044 842 4119 Benedictio.—Benedic,Domine,huncpo
864 4046 944 4103 ulum
999 4044 1312 4127 randoeplenitudinem
1321 4044 1827 4105 totiushonestatisinstitosi.Amen.

97 4123 208 4183 tuum,
224 4115 361 4174 fructibus
376 4118 505 4182 bouis,et
518 4116 653 4200 operibus
660 4116 827 4175 benedictis.
840 4064 943 4175 Kmen.
999 4115 1044 4171 Sit
1057 4131 1086 4170 iii
1097 4116 1177 4171 iobis
1201 4114 1340 4171 castitatis
1367 4117 1506 4183 studium,
1534 4117 1676 4174 modestia
1702 4134 1827 4185 morum,

98 4189 173 4254 Bac,
192 4203 262 4243 eum
279 4188 328 4244 tali
344 4189 442 4246 sobole
455 4206 630 4262 germinare,
661 4193 693 4245 ut
718 4189 747 4245 in
767 4189 893 4272 paradisi
905 4189 944 4247 tui
1000 4184 1161 4243 innocentis
1172 4184 1406 4246 ritaesinceritas.
1421 4187 1487 4245 lldci
1498 4188 1657 4260 integritas.
1669 4190 1829 4247 concordiis

98 4264 284 4335 permaneat
299 4258 448 4332 dignitate.
467 4275 564 4317 sinen.
576 4259 679 4317 Planta
689 4277 754 4317 euin
767 4277 796 4316 iii
806 4260 870 4316 sinu
885 4278 934 4318 ma
999 4257 1136 4323 charitas,
1151 4258 1338 4315 continentiae
1353 4258 1453 4326 virtus,
1470 4260 1633 4332 benignitas
1644 4261 1774 4317 allectus.
1786 4261 1831 4317 td

97 4333 156 4388 tris
171 4328 309 4387 Ecclesiae
319 4330 463 4388 radicibus
478 4332 578 4398 lirinis,
603 4348 660 4404 qiio
674 4331 763 4403 possit
787 4332 894 4403 palatia
902 4349 945 4388 re·
999 4333 1028 4384 le
1043 4330 1140 4385 oculos
1155 4329 1285 4392 tendant.
1302 4330 1337 4385 de
1351 4334 1379 4387 te
1393 4331 1521 4387 eoelestia
1533 4337 1659 4391 sumunt.
1675 4336 1741 4388 uite
1757 4332 1830 4389 rotis

97 4403 152 4478 gni
169 4399 295 4457 introire
307 4402 439 4458 coelestis.
450 4411 551 4460 Amen.
572 4404 653 4469 Quod
666 4402 725 4475 ipse
758 4407 876 4469 restare,
888 4408 943 4461 etc.
999 4403 1135 4471 expetant
1148 4416 1178 4455 se
1194 4400 1278 4457 claris
1300 4401 1410 4458 actibus
1424 4407 1540 4459 ornent.
1559 4405 1664 4460 Amen.
1684 4404 1720 4460 Ut
1731 4419 1831 4461 conse·
1841 4424 1849 4437 -’

141 4471 315 4529 Benedictio
326 4474 359 4529 in
370 4476 594 4559 cupitejepunii.
605 4505 640 4517 -
653 4420 806 4532 Benedicat
820 4490 869 4531 ios
887 4480 943 4530 tto·
962 4477 984 4537 n
1000 4477 1121 4553 qaenuter
1142 4487 1208 4527 cum
1233 4472 1340 4555 sanctis
1354 4473 1477 4544 priemia
1499 4474 1601 4529 horiiin
1617 4479 1644 4531 et
1670 4472 1830 4532 multorum

98 4544 209 4601 minna
223 4542 304 4600 lesus
316 4543 459 4610 Christus,
483 4563 511 4601 ui
526 4545 678 4603 servabis
693 4545 783 4601 voluit
805 4544 941 4602 benedici.
1000 4543 1141 4616 probitate
1153 4548 1309 4610 consecuti,
1325 4544 1486 4602 relerainus
1509 4545 1566 4601 Deo
1605 4546 1703 4615 ratius,
1718 4551 1746 4603 et
1759 4563 1831 4620 prai-

98 4619 220 4673 amen.
237 4614 270 4697 lit
282 4615 329 4686 qni
343 4562 944 4699 hocquadragenariocirculo,cujusbodie
1000 4614 1125 4671 nentium
1142 4616 1283 4672 honorum
1299 4614 1438 4687 largitori.
1456 4617 1559 4673 Amen.
1576 4562 1659 4683 guod
1672 4621 1733 4689 ipse
1757 4635 1831 4692 pre·

100 4686 427 4774 inchpahserordinm.
443 4688 649 4771 suodedicarit
668 4688 793 4763 Jejunio,
818 4694 944 4745 restrum
999 4690 1086 4751 stara,
1100 4692 1156 4770 etc.
1184 4757 1242 4787 Ὗ
1334 4759 1339 4770 Ι
1486 4760 1492 4772 ·
1809 4760 1816 4773 ι

100 4759 944 4903 ffitiiiiltlliilihlttletititiltiitl:
999 4757 1831 4913 ,titinistetisseteiiaiiehtnti

100 4900 211 4983 bream
221 4904 253 4955 nt
267 4915 319 4957 nec
330 4915 397 4957 caro
410 4901 483 4958 escis
501 4902 613 4960 devicta
622 4901 756 4967 luxuriet,
783 4916 837 4960 nec
861 4918 944 4959 mens
999 4900 1169 4983 informato,
1180 4904 1213 4955 at
1227 4899 1276 4956 liat
1286 4846 1344 4957 iltis
1359 4901 1535 4958 illuminatio
1543 4900 1659 4971 mentis,
1673 4906 1703 4959 et
1714 4919 1829 4975 repara·

101 4972 226 5029 afflicta
234 4971 396 5044 degeneret.
407 4973 511 5029 Amen.
524 4975 580 5031 Sed
592 4974 680 5031 itasit
691 4973 771 5030 iobis
784 4973 943 5031 sanetifica·
998 4971 1039 5028 tio
1052 4972 1156 5027 cordis.
1173 4975 1276 5028 tinen.
1291 4970 1424 5029 Prohcist
1436 4972 1466 5028 in
1481 4972 1522 5029 eis
1539 4971 1640 5044 illapsa
1664 4975 1828 5032 Benedictio

101 5046 173 5099 tam
196 5040 944 5118 indivinotimoreje'uniumntiitiisperiteratque
998 5047 1050 5099 tiis
1080 5041 1172 5099 lenius
1182 5043 1217 5098 ad
1228 5042 1363 5108 salutem,
1378 5043 1426 5115 qui
1441 5044 1470 5099 in
1484 5044 1536 5100 bac
1550 5043 1596 5100 die
1611 5045 1647 5102 de
1672 5046 1828 5103 sacristuia

182 5110 281 5169 oribus
296 5114 478 5197 abstinentie
501 5132 570 5172 rena
584 5114 944 5200 imponatis,ettoti[[nrte
998 5131 1049 5198 eor
1071 5131 1094 5171 is
1108 5118 1137 5168 et
1150 5114 1277 5185 corporis
1296 5121 1481 5199 susceperunt
1502 5115 1628 5172 inaures.
1653 5119 1756 5199 tmen.
1782 5118 1828 5176 Sis

101 5129 298 5259 &snper
322 5187 360 5241 ah
380 5186 612 5245 intestationibus
623 5203 734 5245 inimici
753 5193 896 5244 maneatis
912 5187 945 5244 il·
998 5185 1056 5242 illis
1067 5189 1248 5258 protectoret
1260 5184 1400 5243 Dominus
1421 5203 1450 5243 in
1471 5194 1622 5253 eternum,
1649 5192 1723 5246 sicut
1748 5189 1827 5247 luisti

141 5325 156 5354 s
173 5306 275 5364 Exstat
289 5308 317 5363 in
331 5307 438 5366 Gemet.
455 5327 504 5383 pro
519 5312 601 5372 Dom.
618 5312 719 5385 Opust.
735 5310 835 5386 Epiph.
998 5314 1041 5367 tiis
1051 5311 1184 5378 emnerii,
1200 5314 1227 5366 et
1241 5308 1382 5383 presbyter
1392 5311 1540 5382 nontneri't
1551 5328 1682 5384 presens,
1696 5313 1827 5371 dmconus

142 5379 162 5423 b
177 5380 212 5435 ln
223 5379 341 5448 Ginai,
355 5380 533 5439 abstinentie.
996 5384 1130 5455 suscipiet
1143 5383 1317 5453 penitentem
1330 5383 1365 5438 ud
1375 5387 1500 5441 sunctum
1514 5388 1743 5442 communiunem.
1761 5385 1828 5440 Post

173 5448 299 5507 {labetur
312 5452 341 5507 in
353 5452 470 5523 (lamet,
491 5454 735 5528 praemittiturque:
759 5454 863 5529 incipit
877 5473 944 5528 nun·
997 5452 1052 5511 hoe
1070 5453 1306 5510 commonitorium
1319 5453 1500 5521 subjiciuntur
1514 5454 1664 5512 Orationes
1679 5461 1706 5509 et
1725 5454 1827 5512 Psalmi

106 5520 767 5601 &emporedebenntpoenitcntssepiscopiet
779 5529 940 5600 presbyteri.
997 5542 1080 5597 super
1101 5524 1265 5599 prenitentes
1286 5524 1406 5595 dicendi,
1429 5532 1457 5582 et
1481 5533 1578 5599 postea
1591 5527 1712 5582 cinerum
1739 5527 1826 5582 Bene·

106 5592 172 5650 Ubi
186 5609 247 5649 sine
259 5595 454 5652 obseruatione
463 5614 516 5653 nori
525 5598 741 5669 pretereundum
749 5599 820 5670 quod
829 5599 940 5672 legitur.
997 5598 1095 5656 dictio.

106 5663 192 5721 steni
202 5666 372 5737 mesticium
385 5664 492 5738 wenna
511 5685 566 5726 nnn
575 5670 680 5735 debent,
702 5670 760 5726 nisi
773 5671 891 5742 episcopi
915 5674 942 5727 et
1032 5666 1047 5713 l
1066 5667 1290 5742 Debocuntiqoo
1302 5667 1520 5727 rituridenotas
1531 5664 1629 5728 edlib.
1647 5666 1822 5736 &emmena

107 5735 390 5810 redimendus
399 5738 571 5812 &parmai
580 5740 815 5800 ceintistrnditie
826 5743 945 5807 asininis
997 5738 1053 5799 nol.
1068 5741 1123 5799 366
1135 5747 1163 5798 et
1180 5739 1247 5797 BBt.

105 5807 413 5889 misdinuiitusti’i
425 5811 822 5892 numerumnunerum
833 5814 945 5875 nnete
