4034 6180
48 264 52 271 1
222 262 282 332 ,⁸³

26 284 31 291 »-

282 296 286 305 r

90 332 95 343 s

611 268 649 334 nt
670 270 700 332 S.
723 268 901 340 ouuoonn
921 262 1414 337 nannunstcnnnnltronttut
1433 266 1552 336 ΝΟΜ.

1860 264 1917 334 iti

217 398 330 472 mystici
344 398 475 457 sacrificii
484 400 725 487 clamantesquia
735 407 785 460 tua
795 408 838 460 cat
852 402 1000 463 tortitudo.
1012 405 1041 459 ct
1058 428 1081 487 Α
1099 402 1233 460 omnibns
1245 403 1274 459 in
1288 403 1399 461 Christo
1413 400 1624 475 quiescentibus
1645 397 1741 458 locum
1766 397 1916 475 refrigerii,

216 488 347 543 regnam,
361 477 389 526 at
401 477 537 541 potestas,
553 478 580 528 et
598 474 701 545 glorta.

254 544 394 613 29285.
414 544 557 599 Eibeotis.
573 546 614 599 lta
630 546 657 601 in
675 545 824 602 Codicibus
841 546 927 603 Rodr.
939 549 1038 603 attint.

220 615 251 669 In
267 614 341 669 lttiss.
359 617 452 673 Rom..
469 632 534 670 cnm
550 617 646 673 arata.

251 684 295 739 86.
312 686 585 755 sincerissimam
599 690 666 743 Cod.
679 688 789 749 Tiliano
802 689 918 745 additur
933 705 1041 745 necnon

217 758 241 809 at
255 756 531 823 beatiemartqribna
547 759 602 813 tais
618 760 752 814 Gerontio
771 766 799 816 et
824 761 969 816 Protasio.
988 760 1041 825 Oui

217 830 283 881 snat
299 827 413 882 Patroni
433 828 657 889 illiuslieclcaire.
669 831 830 901 eujusolim
844 835 905 887 erat
925 831 969 886 bic
989 832 1040 885 Co·

71 916 73 919 ’
138 954 141 955 a
217 897 1040 974 dexiilianusncnnpeSalariensis,utinpraeiationedixi-

217 981 319 1023 muse·

251 1040 296 1095 8't.
315 1041 430 1096 Necnon
446 1042 523 1097 beato
538 1042 693 1103 Stephano.
711 1044 775 1100 Hac
786 1059 845 1099 nou
874 1048 987 1099 exstant
1011 1043 1040 1100 in

216 1109 318 1167 Editis.
347 1113 400 1168 Sed
418 1112 486 1168 olim
506 1118 569 1181 post
583 1114 642 1170 hnc
655 1116 740 1171 verba
755 1121 833 1184 atqua
845 1116 966 1172 Andrea
976 1115 1041 1170 licc-

216 1181 266 1236 bat
285 1184 389 1238 addere
404 1185 546 1253 qrrnslibet
560 1190 685 1245 sanctos.
702 1192 730 1241 ut
747 1186 855 1241 clarum
870 1190 914 1241 cst
940 1204 973 1242 cx
989 1186 1040 1243 Co·

165 1256 169 1259 '
216 1252 277 1309 dice
295 1254 415 1309 Titiano.
430 1257 605 1311 Libertinos.
622 1273 711 1326 nsque
728 1259 815 1314 Petro
831 1264 857 1314 et
873 1258 976 1319 Poeta
993 1258 1041 1314 laic

217 1327 388 1380 nominatim
400 1328 634 1395 qraeataaaotncrta
649 1329 691 1384 uel
698 1339 820 1399 quantos
827 1338 1039 1385 commemorat.

215 1395 268 1452 Ubi
294 1402 323 1449 τό
350 1404 474 1468 pacatos
503 1402 546 1455 est
568 1399 873 1470 qaiot;etbtic1·ologo
892 1417 954 1470 cap.
981 1401 1039 1456 25:

6 1452 10 1455 ’
86 1476 93 1483 ·
112 1534 116 1535 7
214 1467 445 1537 Atqneinalrea.
462 1470 802 1542 Hicnonainatpnotqnat
820 1478 935 1527 sanctor
947 1473 1041 1529 colne-

217 1544 294 1664 mti'tt.
316 1611 422 1676 Annas
437 1611 496 1666 Dei.
510 1612 587 1667 lianc
599 1612 764 1668 Orationem
777 1611 891 1682 Sergios
901 1629 976 1683 papa
990 1613 1040 1667 lin

215 1679 302 1735 Missa
328 1681 436 1736 cantari
460 1682 556 1751 ,iussit
573 1687 605 1738 ut
633 1683 722 1739 reteri
738 1683 905 1738 Anastasius
927 1683 956 1739 in
978 1685 1041 1753 ejus

1098 475 1168 531 lucis
1182 480 1211 530 et
1230 476 1317 546 pacis,
1337 481 1369 532 nt
1390 476 1539 545 indulgeas
1553 474 1750 543 deprecamur.
1774 472 1829 530 Per
1842 489 1918 529 cum·

1097 547 1173 603 dem.
1194 548 1282 603 Nobis
1305 564 1417 620 qunque
1432 545 1637 619 peccatoribus.
1653 560 1740 613 nsqrae
1752 545 1803 601 sed
1816 545 1917 609 venire,

1096 635 1270 687 quaesumus,
1292 619 1419 688 largitor,
1435 616 1564 673 admitte.
1581 616 1636 672 Hic
1654 617 1758 687 niam
1774 632 1800 671 se
1824 615 1919 671 araiti-

1096 688 1366 751 diaconissaenictet
1375 692 1516 746 involvens
1524 688 1633 745 calicem
1648 686 1785 756 mappale,
1802 687 1876 743 tanat
1888 687 1919 743 ii·

1096 758 1151 814 inm
1164 767 1267 816 contro
1281 760 1411 816 domnam
1426 777 1536 829 panem.
1557 760 1611 813 Per
1625 775 1710 828 quem
1724 758 1785 813 brec
1806 759 1918 814 omnia.

1095 831 1224 894 Domine,
1242 833 1439 903 semperbnna
1456 847 1544 887 creas.
1561 831 1619 886 Hic
1631 831 1715 885 ambo
1726 829 1918 899 sr'qnatidcst,

1094 902 1209 957 ablatum
1217 905 1364 959 atoniacam
1372 903 1458 975 293
1468 901 1921 972 tribasnicibnrsinqalissinpalaa

1094 974 1302 1042 iaricnacraces
1323 990 1334 1030 :
1348 974 1519 1035 sanctificas,
1543 971 1679 1039 vivificas,
1706 971 1860 1038 benedicis,
1891 975 1921 1027 et

1095 1048 1212 1116 praestas
1227 1045 1318 1101 nobis.
1341 1046 1392 1101 llic
1413 1046 1486 1101 leant
1501 1045 1618 1099 doninus
1632 1059 1703 1113 popo
1720 1042 1825 1099 aotam
1851 1043 1923 1097 daos

1094 1131 1179 1187 asana
1189 1116 1317 1171 adaram
1327 1116 1435 1179 calicis,
1449 1122 1477 1171 et
1487 1120 1673 1180 tanaotsaam
1692 1113 1922 1169 acconensium

1095 1188 1201 1242 tineaene
1215 1188 1294 1243 illam
1305 1186 1506 1242 araniaiacana
1514 1185 1584 1241 dicit
1600 1203 1607 1239 :
1624 1185 1678 1239 Per
1690 1184 1794 1254 ipsum,
1809 1189 1920 1241 etcum

1095 1258 1166 1324 ipso.
1182 1262 1211 1313 et
1226 1258 1253 1312 in
1268 1258 1329 1329 ipso
1344 1258 1393 1313 tibi
1409 1262 1466 1313 ileo
1478 1257 1554 1312 Patri
1566 1255 1795 1325 omnipotenti,iu
1806 1254 1922 1312 unitate

1096 1329 1221 1387 Spiritus
1231 1330 1333 1393 sancti,
1348 1329 1442 1385 omnis
1454 1328 1547 1382 bonor
1560 1332 1588 1383 et
1600 1326 1701 1395 gloria.
1715 1329 1794 1381 Trana
1805 1327 1877 1382 dicit
1889 1327 1922 1381 in

1095 1402 1208 1457 attam:
1225 1400 1278 1455 Per
1292 1399 1506 1456 omniasaecula
1524 1398 1704 1455 soculorum.
1723 1400 1801 1453 Tana
1859 1399 1923 1453 anit

1095 1474 1127 1527 in
1142 1472 1243 1538 altari,
1259 1481 1285 1529 et
1294 1472 1368 1527 dicit
1382 1473 1412 1526 in
1424 1471 1535 1527 auam:
1555 1469 1685 1527 memus.
1698 1469 1807 1525 Deinde
1846 1470 1897 1525 icit
1914 1481 1924 1524 .·

1096 1542 1245 1613 Praeceptis
1255 1543 1429 1598 salutaribus
1438 1540 1549 1605 moniti,
1559 1547 1584 1595 ct
1595 1557 1676 1612 usqne
1690 1540 1740 1596 scd
1751 1539 1842 1596 libera
1854 1556 1922 1595 nos.

1098 1616 1179 1669 Tunc
1190 1613 1261 1669 dicit
1276 1615 1393 1669 damnas
1406 1628 1498 1682 popa,
1514 1614 1721 1668 interveniente
1735 1611 1820 1666 nnita
1833 1627 1921 1677 sono,

1095 1685 1169 1741 banc
1178 1685 1355 1745 Orationem,
1369 1684 1458 1740 libera
1471 1699 1533 1747 nos,
1545 1682 1725 1753 aaqnePetro
1734 1680 1926 1738 etl’aulodiia

177 1748 181 1763 ’
216 1750 298 1807 Vita:
311 1752 369 1833 Dic
381 1753 526 1837 statuitnt
539 1760 663 1838 tempore
676 1755 1042 1838 contractionisdaminici
1060 1791 1082 1847 B
1095 1755 1269 1838 nonrinatim
1274 1758 1371 1826 quales
1379 1754 1499 1812 miserit
1507 1755 1924 1837 sanctonaetqaaatasaomma·

216 1825 462 1891 cormarnsriqans
472 1824 1042 1893 Deaqnatollrsneccatamunda,maserarc
1096 1833 1199 1881 morat.
1217 1827 1442 1890 Deindeansert:
1457 1827 1527 1881 Com
1541 1827 1673 1880 omnibns
1684 1825 1923 1895 Sanctusdnpro-

214 1894 305 1956 nobis,
320 1895 424 1950 ariera
439 1901 495 1961 etp
534 1895 580 1949 aio
596 1896 811 1951 decantaretur.
838 1897 915 1952 idern
943 1897 1042 1952 scribit

216 1964 376 2019 Waliridns
390 1966 503 2029 Strabo,
526 1967 564 2020 ib.
578 1968 613 2022 de
628 1968 721 2023 Rebus
736 1967 821 2026 Occi..
835 1984 897 2031 cap.
914 1968 958 2022 Ἠ.
990 1968 1041 2025 ilic

98 2064 108 2073 τ
213 2040 310 2090 nartem
324 2036 424 2091 desinit
440 2038 509 2092 ordo
524 2038 616 2093 Missas
629 2043 690 2093 tarn
706 2039 734 2093 in
749 2042 849 2093 nostro
864 2038 932 2094 Cod.
948 2038 1040 2095 sancti

216 2106 295 2170 utlaii
311 2124 398 2176 quam
413 2108 440 2163 in
460 2110 528 2163 Cod.
546 2110 680 2165 liodradi.
697 2114 725 2165 ci
740 2109 769 2163 in
782 2108 892 2165 anaunia
910 2111 935 2153 b·

251 2178 299 2233 His
315 2179 355 2232 ita
371 2179 506 2245 expositis
526 2196 584 2234 non
596 2181 646 2235 abs
666 2196 697 2235 re
709 2180 762 2235 erit
776 2181 908 2249 quaedam
933 2182 1039 2235 subne-

214 2253 290 2305 ctere
305 2264 338 2303 ex
354 2250 456 2304 Codice
471 2250 591 2310 Titiano.
606 2268 668 2320 quae
695 2251 729 2305 ad
757 2250 935 2307 ceremonias
964 2251 1038 2306 anti·

215 2336 286 2444 quoia
299 2319 326 2373 in
343 2319 429 2391 hujus
444 2320 567 2376 Cononis
581 2321 749 2378 recitatione
759 2322 951 2393 pertinent‚in
963 2322 1039 2378 bunc

214 2406 260 2445 mo
283 2406 353 2445 um:

252 2481 264 2512 a
285 2462 321 2515 Te
333 2460 431 2531 igitur,
444 2461 667 2518 clementissime
681 2463 775 2520 Pater.
789 2478 876 2533 usqae
895 2463 1001 2519 babeas
1011 2467 1040 2519 et

214 2532 367 2588 benedicas
386 2531 445 2588 baec
455 2533 548 2590 dana:
565 2536 622 2589 Dic
634 2537 733 2601 sipnnt
744 2535 868 2591 oblatam
883 2541 909 2590 et
919 2535 1038 2591 calicem

215 2603 1040 2673 creoraaiaiarecnoncamcnsnanaacraceacasccaratin

214 2676 348 2741 sinantia,
364 2674 491 2744 sinqaias
500 2677 723 2743 inciensarnees.
737 2680 799 2733 ilaec
810 2678 896 2743 dona,
909 2676 969 2732 haec
979 2694 1040 2732 mu·

215 2761 294 2811 nera,
312 2745 370 2801 baec
383 2750 483 2801 sancta
498 2747 637 2803 sacrificia
652 2748 773 2812 illibata,
789 2766 874 2820 usqne
898 2750 1040 2805 Memento

215 2817 1038 2883 nominetnnnoniaaazaarammenorcnaarstaataeria

214 2888 325 2944 sednon
336 2890 489 2944 Dominica
498 2889 616 2949 dionisi
625 2893 734 2947 ceteris
749 2891 894 2945 diebaasDt
906 2890 1037 2945 omnium

213 2959 472 3025 circumstantium,
493 2976 582 3031 nsqac
606 2962 717 3017 Cosmae
730 2967 759 3016 et
774 2961 916 3016 Damiani.
931 2963 963 3015 Si
976 2964 1038 3027 stae-

214 3030 693 3099 annotatasarrcrarannicanaa
705 3034 811 3087 :Sedet
821 3032 896 3086 diem
914 3032 1035 3088 natalitii

212 3103 361 3157 beatorum
377 3101 502 3161 illorum.
518 3110 569 3157 ant
590 3102 664 3158 beati
675 3103 768 3159 illius:
783 3107 812 3158 et
830 3103 959 3158 omnium
971 3120 1036 3159 sau·

213 3178 333 3231 ntorum.
351 3189 438 3241 usqae
452 3186 502 3243 pec
513 3173 656 3229 Christum
670 3174 833 3229 Dominum.
848 3176 903 3229 Hir
913 3174 1036 3230 inclinat

213 3260 243 3301 se
255 3244 389 3315 nsqaread
399 3245 503 3309 attare,
519 3245 632 3300 dicens:
646 3247 724 3300 lianc
740 3245 827 3315 igitur
849 3244 1036 3309 oblationem,

213 3331 304 3387 asaiae
316 3316 415 3375 iubeas
426 3333 511 3383 areae
523 3316 679 3380 numerari,
697 3332 745 3387 per
770 3315 914 3372 Christum
943 3316 1038 3371 Domi·

213 3402 294 3441 num.
308 3388 355 3441 liic
369 3387 454 3449 ericii
468 3403 595 3443 scansam.
612 3387 747 3443 Dbtntom
761 3390 850 3443 solam
863 3387 910 3443 laic
925 3387 1037 3443 benedi-

214 3459 251 3513 cit
264 3478 274 3515 .-
288 3460 380 3521 Ouam
394 3458 614 3517 oblationemtu
631 3461 713 3519 Oeus.
729 3456 758 3513 in
769 3457 913 3523 omnibus,
929 3475 1037 3527 queso·

214 3545 289 3589 mus.
304 3528 495 3591 benedictam,
516 3530 680 3599 ascriptam.
706 3534 812 3591 ratam,
838 3530 1036 3585 rationabilem

215 3600 474 3671 acceptabilemque
490 3600 583 3656 iacere
597 3600 731 3669 digneris.
743 3601 793 3657 iiic
805 3602 891 3656 ambo
901 3601 1039 3667 sa'pnatid

215 3676 267 3731 est.
280 3671 410 3727 oblatam
423 3678 450 3726 ct
463 3672 583 3727 calicem
597 3687 604 3735 ;
616 3675 647 3726 nt
658 3671 739 3726 nobis
753 3688 855 3741 corpus
870 3676 899 3727 et
909 3671 1035 3739 sanpnis,

215 3758 303 3813 nsqraa
316 3742 554 3811 omnipotentem,
572 3741 621 3796 tibi
637 3741 744 3807 gratias
758 3759 848 3813 agens
879 3743 1035 3808 benedixit,

217 3812 393 3882 fregitdedit
402 3812 545 3879 discipulis
554 3813 612 3867 suis
622 3812 729 3876 dicens,
740 3829 828 3882 canorae
839 3812 902 3867 item
914 3813 965 3868 tibi
972 3830 1037 3881 gra-

215 3883 271 3938 tias
281 3900 368 3953 agens
379 3883 533 3939 benedixit.
546 3882 597 3937 liic
607 3889 733 3951 qcaataor
742 3883 948 3938 niribasrclam
963 3884 1036 3939 obla·

216 3956 433 4017 tanssanctittcet
444 3953 539 4027 [Lepre.
550 3953 702 4025 atanetldn
717 3956 822 4020 aniana
830 3955 985 4017 nicesnner
994 3970 1037 4009 on-

217 4023 1035 4093 licamsotnmcrnccmforiens:Hostiampuram,Hostiam

215 4099 357 4161 sanctam,
374 4095 501 4149 Hostiam
517 4094 745 4159 immaculatam,
773 4111 877 4164 panem
904 4100 1036 4150 sanctum

215 4165 281 4220 vitto
291 4170 413 4224 aeterne.
431 4170 460 4219 ct
471 4165 587 4219 calicem
599 4166 700 4220 salutis
717 4169 869 4235 perpetuae,
886 4166 1037 4233 usqaeim·

215 4236 390 4291 maculatam
403 4235 600 4290 Hostiamtiic
612 4236 736 4292 inclinat
744 4252 773 4292 se
781 4237 882 4291 iterans
891 4238 983 4304 jacta
995 4238 1037 4292 al·

216 4313 280 4363 tare
294 4308 387 4361 dicans
397 4322 407 4362 :
421 4306 561 4376 supplices
574 4312 602 4361 te
613 4324 746 4375 rogamus
757 4306 938 4378 omnipotens
953 4308 1037 4363 Deus.

215 4377 266 4433 Hic
285 4382 346 4431 orat
361 4377 443 4433 annd
464 4393 491 4431 se
514 4378 583 4448 qnod
594 4379 722 4433 enituerit.
739 4377 839 4434 Deinde
858 4378 948 4434 dicit:
966 4378 1037 4434 iube

1096 1897 1181 1966 pitius
1200 1913 1311 1969 pacem.
1330 1913 1417 1967 asqae
1435 1913 1485 1966 per
1504 1896 1603 1951 omnia
1617 1896 1722 1951 saecula
1735 1896 1920 1951 seculorum.

1095 1971 1197 2023 Amen.
1213 1969 1321 2024 Deinde
1335 1968 1415 2024 dicit:
1431 1968 1489 2023 Pan
1500 1966 1624 2022 Domini.
1642 1966 1750 2023 Deinde
1759 1966 1809 2022 dot
1815 1982 1923 2034 nocam

1095 2039 1183 2094 attari
1202 2040 1246 2094 nel
1261 2046 1385 2104 caterae,
1407 2046 1433 2094 et
1449 2039 1487 2094 sic
1501 2039 1558 2093 sibi
1575 2038 1623 2093 dat
1636 2053 1742 2108 pacem
1760 2038 1832 2093 Cam
1848 2052 1922 2094 nero

1094 2110 1213 2166 mnam
1221 2127 1296 2181 popa
1306 2110 1371 2165 dicit
1385 2110 1444 2165 Pax
1460 2109 1571 2164 Domini
1588 2109 1626 2164 sit
1638 2108 1921 2179 compensabiscum,

1094 2197 1152 2236 non
1161 2182 1248 2236 mittit
1262 2188 1367 2243 nartem
1377 2180 1528 2236 deSancto
1537 2181 1566 2234 in
1578 2179 1790 2245 concertarent
1803 2180 1923 2236 entem

1093 2252 1289 2308 sacerdotibus
1300 2268 1359 2308 mos
1369 2258 1418 2306 eat.
1436 2251 1511 2306 Dnm
1523 2252 1690 2320 aoasrinqc't.
1705 2253 1800 2322 Agnus
1815 2249 1864 2306 Dei
1876 2249 1923 2304 di-

1094 2320 1507 2394 citliteepietacansrnctiane
1518 2321 1633 2393 qnando
1648 2322 1829 2377 commaneant
1845 2321 1922 2376 aon-

1093 2393 1508 2465 aasannuntiaremus-temnit
1515 2392 1657 2453 mordebat
1664 2392 1803 2463 reliquam
1810 2392 1841 2446 in
1847 2392 1923 2448 cnti-

1094 2481 1151 2521 cem
1165 2466 1261 2528 mittit,
1272 2467 1509 2529 sacienscracam
1518 2465 1552 2520 de
1565 2478 1599 2521 ea
1613 2463 1706 2519 tribas
1714 2463 1825 2519 atatim
1834 2478 1922 2534 saper

1094 2538 1214 2592 calicem
1230 2537 1305 2592 nibil
1317 2538 1429 2600 dicens,
1443 2536 1519 2592 etsie
1529 2537 1723 2604 confirmator
1732 2534 1921 2599 dccolicate-

1094 2613 1177 2662 neate
1189 2608 1307 2663 calicem
1322 2607 1542 2664 arebidioecna.
1559 2607 1680 2672 Quanam
1703 2620 1770 2661 aero
1794 2604 1921 2661 domnas

1094 2678 1274 2744 apostolicos
1286 2677 1431 2735 descendit
1446 2681 1484 2733 ab
1494 2676 1922 2744 aitari,incipitcammanioara

1094 2752 1230 2816 populas,
1247 2756 1275 2805 et
1288 2750 1402 2805 dicitnr
1425 2749 1596 2817 Antiniana
1613 2748 1650 2804 od
1672 2747 1919 2803 communionem.

1094 2819 1699 2891 Expletaconnnnnnaetnarentanorum
1709 2818 1921 2885 saraitdomnns

1092 2907 1181 2960 popo,
1192 2899 1218 2947 ct
1232 2891 1623 2955 nenieaaadattnreaotntat,
1639 2891 1728 2946 sitim
1737 2889 1832 2943 dicens
1843 2906 1852 2942 :
1862 2890 1920 2944 Do·-

1094 2961 1190 3017 minus
1205 2962 1362 3019 vobiscum.
1376 2966 1404 3017 et
1417 2977 1483 3018 cum
1494 2961 1601 3032 Spiritu
1612 2965 1670 3016 tuo.
1685 2960 1796 3017 Deinde
1806 2959 1920 3015 Oratio-

1094 3049 1157 3088 nem
1171 3034 1260 3088 dicit:
1275 3034 1356 3098 Quod
1380 3049 1429 3087 ore
1443 3032 1627 3103 sumpsimus,
1658 3031 1788 3091 Domine.
1819 3035 1920 3086 mente

1096 3103 1255 3172 capiamus.
1270 3108 1299 3158 et
1313 3105 1349 3159 de
1357 3120 1475 3159 munere
1491 3101 1643 3173 temporali
1655 3102 1714 3163 ilat,
1731 3101 1813 3157 nobis
1825 3118 1920 3157 reme·

1055 3157 1076 3215 C
1094 3175 1174 3229 dium
1187 3175 1406 3244 sempiternum.
1422 3176 1591 3229 »Hactenus
1606 3174 1699 3229 Codex
1713 3171 1920 3244 libanusque

1094 3250 1190 3301 tamen
1209 3246 1351 3301 habentur
1364 3245 1452 3300 ctiam
1469 3246 1543 3315 apud
1559 3243 1742 3313 ltittorpiam.

1128 3314 1172 3371 89.
1194 3317 1236 3372 id
1251 3332 1363 3371 nonam.
1384 3322 1424 3372 lta
1448 3315 1477 3370 in
1497 3315 1586 3372 liditis
1598 3319 1627 3371 et
1641 3314 1669 3370 in
1685 3314 1754 3369 Cod.
1767 3312 1866 3369 libem.
1885 3313 1918 3368 ln

1092 3386 1160 3444 Cod.
1174 3385 1286 3442 itatoldi
1299 3387 1404 3457 legitur
1413 3386 1590 3443 Horonono.
1601 3385 1675 3443 Olim
1684 3384 1713 3439 in
1725 3383 1918 3457 semijejuniis

1092 3458 1183 3514 Missae
1197 3458 1545 3514 tenebanturhoranona.
1563 3456 1684 3513 Consule
1699 3454 1918 3512 observationes

1092 3533 1205 3584 nostras
1219 3529 1255 3584 ad
1263 3530 1452 3584 Concordiam
1464 3529 1639 3601 regularum.

1127 3600 1172 3656 90.
1193 3603 1273 3657 Dans.
1285 3601 1371 3655 Pater
1385 3599 1524 3665 videlieet,
1541 3600 1678 3670 adquam
1698 3594 1848 3667 dirigenda
1871 3597 1919 3650 est

1092 3671 1190 3726 Oratio
1209 3671 1239 3726 in
1253 3671 1343 3728 liissae
1355 3670 1502 3735 sacrificio,
1516 3672 1602 3743 Juxta
1627 3670 1772 3725 decretum
1800 3665 1916 3722 concilii

1091 3741 1223 3814 Cartbag.
1240 3758 1279 3801 111.
1295 3760 1358 3812 cap.
1378 3742 1430 3801 aa:
1448 3742 1485 3796 Et
1498 3758 1561 3797 cum
1574 3740 1669 3796 altori
1683 3739 1917 3800 assistitnrnem·

1089 3828 1144 3880 per
1153 3812 1193 3867 od
1200 3819 1306 3937 {irabtrfm
1317 3811 1725 3883 diriqatnroratio,lnterdom
1736 3812 1834 3863 minen
1846 3807 1917 3864 diri·

1110 3881 1198 3937 itura
1257 3882 1348 3937 iium.

1091 3899 1109 3953 g
1126 3953 1170 4006 91.
1184 3954 1296 4009 Praesto
1305 3957 1334 4007 at
1347 3952 1535 4020 Uniqena'tnm
1545 3957 1638 4015 taam,
1650 3954 1704 4007 etc.
1716 3947 1918 4003 Haeccitantur

1090 4023 1126 4077 ab
1137 4022 1266 4078 alcuino.
1276 4024 1322 4079 lib.
1338 4040 1375 4077 vir
1391 4026 1491 4079 contra
1505 4021 1628 4078 Felicem
1645 4019 1841 4089 Urgelitanum
1855 4017 1917 4089 epi·

1090 4105 1207 4164 scopum
1223 4111 1230 4149 :
1241 4094 1275 4148 ln
1285 4094 1374 4151 Missa
1384 4108 1510 4163 namque
1521 4092 1656 4148 bonanae
1664 4088 1829 4147 tintinnalia
1839 4089 1916 4157 ejas·

1091 4165 1152 4219 clem
1170 4166 1285 4220 Domini
1296 4165 1447 4229 nostri,ito
1456 4171 1574 4219 cantare
1586 4162 1732 4218 salemone
1745 4175 1752 4212 .·
1766 4160 1875 4214 Pamstn
1885 4162 1918 4213 nt

1094 4236 1272 4307 Dnipenitum
1280 4242 1369 4302 tunm,
1378 4251 1453 4306 qoem
1462 4234 1659 4305 Redemptorcm
1670 4234 1731 4288 tacti
1737 4231 1916 4301 suscipimus,

1092 4310 1146 4361 etc.

1127 4374 1171 4430 92.
1193 4374 1250 4441 Oai
1264 4382 1358 4431 tecum
1372 4374 1439 4428 nisit
1453 4380 1481 4429 et
1495 4379 1597 4445 regnat
1613 4375 1700 4429 Dens.
1715 4371 1790 4425 Nota
1806 4368 1875 4424 olim
1885 4367 1917 4424 in

108 4466 121 4476 ·
215 4447 277 4504 baec
296 4447 414 4516 perferri
430 4464 479 4517 per
491 4463 605 4515 manus,
621 4464 703 4516 nsqna
715 4449 743 4503 in
765 4453 959 4518 conspectum.
985 4450 1039 4503 Hic
1093 4445 1273 4501 conclusione
1288 4446 1457 4499 Orationum
1470 4460 1519 4500 seu
1533 4444 1722 4499 Collectarnm
1745 4439 1919 4496 vocabulum

215 4517 330 4584 coemit
346 4520 405 4575 daea
418 4518 601 4574 canonicam
610 4535 620 4575 .·
633 4521 670 4576 Ut
680 4523 819 4590 quotquot
830 4536 862 4574 ex
874 4519 928 4574 bac
938 4519 1038 4574 altaris
1053 4516 1075 4575 D
1094 4517 1299 4586 Daasproxime
1309 4521 1437 4570 secutum
1449 4515 1657 4570 tuisseverbum
1666 4510 1919 4583 rcqnatqaemao-

216 4589 443 4659 participatione,
473 4606 558 4661 nsque
584 4607 634 4660 per
659 4590 812 4646 Christum.
829 4590 879 4645 Hae
898 4590 1038 4645 Orationes
1092 4588 1211 4642 modum
1226 4587 1320 4641 videre
1335 4592 1379 4641 est
1394 4585 1422 4642 iu
1435 4587 1519 4642 Missa
1529 4583 1730 4650 ambrosiana,
1745 4583 1775 4636 in
1790 4581 1858 4636 Cod.
1872 4580 1919 4635 Ti·

128 4698 129 4701 ,
215 4659 860 4729 dandicnatar,nnasnperdiptqclaocaltera
875 4661 1038 4717 nostiactio·
1091 4658 1179 4717 liano.
1194 4657 1265 4712 etin
1280 4656 1343 4711 aliis
1359 4650 1918 4732 Codicibusnostrismasetinexposi-

26 4742 31 4749 ’
215 4732 464 4797 armanalanam
477 4732 704 4802 bocqaotidianis,
715 4732 791 4787 nelin
799 4730 908 4801 mendis
921 4738 1037 4786 tantam·
1091 4728 1168 4784 tione
1182 4745 1236 4782 ms.
1252 4727 1433 4782 Praetationis
1447 4733 1476 4783 et
1491 4726 1624 4785 Cononis.
1639 4725 1707 4780 bibl.
1723 4724 1916 4805 Gorbeuensas:

215 4801 295 4857 moda
314 4802 581 4861 diebusltlemento.
598 4803 728 4865 Domine,
744 4806 772 4858 et
792 4818 892 4858 eornm
919 4802 1037 4858 nomina
1092 4799 1420 4864 Caradicithitccnm
1434 4798 1918 4875 ciritetreqnntllenssnnnrtate

216 4872 264 4942 qui
275 4889 328 4927 nos
339 4879 540 4942 processerant
555 4891 619 4929 eum
635 4874 716 4945 signo
729 4873 805 4941 tidei,
832 4877 861 4928 et
891 4873 1039 4929 dormiunt
1091 4871 1220 4937 Spiritus
1233 4870 1339 4930 sancti,
1350 4871 1413 4925 anit
1425 4870 1564 4939 copulam
1576 4868 1692 4924 credere
1703 4864 1915 4932 stinatianam,

216 4941 245 4999 in
261 4959 362 4999 somno
379 4944 465 5011 pacis.
482 4945 518 4999 Et
531 4945 687 5000 recitantur
705 4946 826 4999 nomino.
845 4944 953 5001 Deinde
965 4951 1039 5013 post·
1092 4946 1146 4997 etc.
1159 4941 1239 5005 Quod
1249 4941 1403 4995 contirmat
1415 4940 1594 5011 Micrologua
1605 4955 1668 5008 cap.
1687 4937 1706 4991 6
1726 4937 1761 4991 de
1772 4934 1918 5015 ¹Obserua-

215 5030 294 5086 qnnm
318 5015 438 5071 recitata
461 5016 587 5083 sacrant,
615 5016 712 5072 dact:
741 5015 820 5087 ipsis,
851 5014 980 5075 Domine,
1013 5018 1039 5070 et
1092 5011 1217 5066 tionibus
1229 5010 1605 5067 ecclesiasticiszsciendurn
1617 5006 1919 5064 antemindtanmta·

13 5262 42 5307 ·*.'
124 5286 126 5291 ’
215 5278 285 5340 nno,
301 5278 578 5344 sequestracione
589 5286 615 5332 at
628 5279 713 5333 beatis
727 5279 872 5347 consessor.
903 5279 958 5331 tais
973 5277 1037 5331 Gre-

114 5474 119 5481 ¹
215 5491 407 5558 Gemet.,post
433 5489 727 5559 cinnomannica
754 5490 851 5545 Conon
875 5488 981 5545 Missae.
1007 5488 1036 5540 ln

1092 5130 1223 5201 corporis,
1235 5137 1261 5186 et
1275 5132 1314 5186 ad
1325 5131 1524 5202 reponendam
1550 5131 1633 5185 citam
1649 5134 1787 5205 aeternam,
1805 5139 1921 5195 praepo·

1092 5202 1168 5255 ratio
1178 5202 1321 5258 salutaris.
1336 5204 1433 5256 Amen.
1457 5241 1463 5256 .
1486 5243 1492 5254 .
1510 5203 1573 5255 Post
1585 5216 1678 5272 pacem
1692 5199 1766 5252 dicat
1781 5213 1808 5249 an
1819 5196 1916 5274 corde:

1091 5272 1154 5327 Pon
1183 5272 1234 5327 Dei
1262 5287 1322 5343 qaas
1347 5277 1493 5340 easnpsrat
1512 5287 1618 5329 omanem
1642 5284 1756 5334 aemam,
1778 5264 1922 5323 enstodent

1092 5342 1179 5396 corda
1193 5349 1325 5398 nostrast
1339 5342 1537 5413 intelliqentias
1551 5345 1658 5398 nastros
1676 5342 1765 5396 Amen
1770 5376 1848 5393 .....
1876 5335 1922 5390 nd

1093 5411 1211 5466 dandam
1239 5430 1331 5483 pacem
1340 5457 1416 5470 .....
1443 5413 1504 5468 Pon
1529 5417 1683 5468 tecam...
1713 5410 1777 5464 Post
1798 5421 1919 5488 pacem:

1092 5484 1191 5539 Ponet
1206 5483 1330 5539 ebaritas
1339 5484 1501 5539 Deinmneat
1508 5482 1652 5552 semperin
1662 5479 1794 5536 cordibae
1803 5482 1875 5532 noch
1882 5491 1921 5533 ns.

250 5147 263 5178 ε
279 5136 310 5190 in
322 5135 568 5216 secundoibcod,
583 5142 730 5209 postatqaa
745 5137 877 5202 Andron,
891 5133 1036 5217 subjungi-

216 5209 279 5262 tur:
296 5222 398 5262 necnon
409 5214 435 5259 ct
449 5211 555 5262 sanctas
571 5214 690 5275 martyr.
703 5210 758 5263 tais
783 5209 932 5276 Stephana.
950 5206 1038 5272 Daran-

214 5350 304 5421 porio.
318 5348 460 5411 Madame,
472 5354 551 5465 algua
562 5349 659 5416 litiqia,
675 5365 737 5403 rnen
750 5350 884 5409 omnibns,
897 5353 947 5402 etc.

250 5419 265 5463 b
279 5420 309 5475 In
324 5418 391 5474 Cod.
410 5419 478 5481 Res.
502 5435 581 5473 κυοο.
599 5405 675 5473 deest
686 5419 782 5487 Aqnns
794 5420 853 5482 Dei,
870 5419 955 5472 eteln
969 5416 1036 5472 Cod.

215 5561 297 5632 priori
319 5578 381 5617 vero
406 5560 513 5616 l'beod.
540 5559 650 5614 additur
680 5560 784 5629 :Apnns
813 5560 866 5614 Dei
894 5560 944 5630 qni
964 5556 1041 5611 toliis
1093 5557 1193 5611 Antea.
1681 5620 1686 5631 .
1726 5621 1731 5632 .
1797 5620 1802 5630 ι

213 5648 289 5703 pecc.
306 5630 416 5695 mnndi,
432 5631 502 5687 dona
516 5630 595 5686 nobis
609 5646 737 5699 pacem...
753 5630 818 5687 tien
832 5645 911 5685 sacro
935 5636 1037 5684 sancta
1130 5624 1235 5681 Oratio.
1251 5653 1287 5664 -
1298 5624 1416 5703 Domina
1428 5623 1494 5701 icen
1505 5621 1622 5702 dietata
1638 5638 1688 5692 qai
1698 5621 1801 5676 dmssn
1812 5623 1923 5688 aposto

215 5703 361 5758 amantia
391 5702 519 5771 cornaria
532 5708 558 5758 et
586 5702 728 5774 saapninia
745 5700 858 5756 Domini
875 5701 1038 5757 nostriiasn
1094 5694 1127 5750 lia
1149 5696 1214 5760 tais,
1234 5701 1287 5753 etc.
1310 5693 1344 5752 Ut
1367 5711 1395 5751 un
1419 5693 1534 5751 Musseti.
1552 5694 1707 5767 Sequuntur
1719 5696 1835 5766 quatuor
1849 5686 1922 5745 Ora·

218 5770 620 5846 Comitiatmibiatnnniiau
628 5772 798 5837 moralias
818 5770 1038 5835 admnonet
1094 5764 1196 5825 times.
