4052 6186
98 278 151 349 aot
756 268 1142 350 unnannsronssns,
1746 294 1808 356 soa

97 414 214 473 Dicebat
227 412 306 471 enim
321 412 362 469 illi
377 412 503 469 loannes
522 430 529 467 ι
550 413 614 468 Non
641 412 708 469 licet
731 413 781 468 tibi
799 413 928 484 accipere
943 415 968 478 Α
983 416 1096 473 vincula
1111 435 1187 475 mea.
1203 418 1275 475 Ptol.
1285 419 1396 476 Credidi
1406 422 1617 491 propterquod.
1629 423 1697 478 dot.
1709 424 1811 480 Paravi

95 502 228 543 uxorem.
244 486 328 551 Ouia.
340 485 418 557 Resp.
436 486 561 540 loannes
574 486 701 556 Baptista
713 486 852 556 arguebat
873 486 926 540 lle·
983 487 1130 544 lucernum
1144 490 1257 546 tlhristo
1270 507 1345 547 mco.
1365 492 1496 546 inimicos
1507 493 1569 563 ejus
1579 493 1696 548 induam
1711 496 1812 551 conlu-

97 559 197 614 rodem
210 560 326 628 propter
340 557 542 615 Herodiadem.
557 572 642 627 quam
658 556 763 612 tulerat
778 557 861 611 tratri
876 573 926 612 suo
982 558 1062 614 sione
1089 561 1162 616 Prot.
1173 562 1323 617 Memento.
1339 564 1405 619 dot.
1424 565 1499 618 Educ
1512 565 1668 621 decarcere
1684 566 1810 621 animem

95 628 369 700 Philippounorem.
390 628 466 684 Vere.
486 628 569 682 blisso
596 628 722 683 Herodes
742 627 925 698 spiculatore,
983 631 1020 685 ad
1034 632 1228 688 confitendum
1240 634 1409 690 nominituo
1432 635 1561 690 bomine.
1572 636 1646 692 Psol.
1657 637 1732 693 Voce
1745 655 1812 695 mea

94 716 191 772 prrace
213 700 235 777 it
248 699 393 770 arnpntari
403 702 489 769 caput
510 698 628 755 loannis
652 699 680 754 in
707 715 831 754 carcere.
861 698 928 753 Pro·
983 703 1021 756 ad
1038 703 1205 759 Dominum.
1411 681 1419 706 ’

93 776 169 843 pter.
188 719 270 842 νιερ.
286 770 388 826 Puelloe
401 770 519 825 saltanti
539 769 691 841 imperavit
710 777 805 825 mater
822 787 830 824 :
850 769 926 824 Nihil
1290 793 1324 849 [η
1336 794 1489 866 &melio

92 843 176 899 alind
192 848 284 914 petas,
301 841 357 897 nisi
370 847 455 912 caput
469 840 589 896 loannis
607 841 750 912 Baptistae.
777 842 810 895 tlt
824 840 927 896 contri·
1493 838 1500 853 ‘

92 918 190 970 statas
202 919 304 969 estrex
316 917 431 985 propter
450 912 654 985 jusjurandum
668 918 696 967 el
712 918 827 983 propter
841 911 926 966 simul

91 986 322 1041 discumbentes.
342 985 413 1039 Vere.
428 984 495 1048 Quae
517 1000 581 1039 curn
611 983 714 1039 exisset
736 983 829 1054 puella
856 982 927 1038 dixit

90 1056 184 1112 matri
198 1072 257 1111 suae
267 1077 273 1109 ι
284 1055 357 1121 Quid
370 1057 529 1125 petamtAt
544 1054 674 1109 illedixit
686 1072 692 1109 ε
704 1055 795 1126 Caput
808 1055 927 1109 loannis

91 1127 247 1199 Baptistae.
265 1130 345 1198 Hesp·
359 1126 444 1181 l’etiit
462 1126 556 1196 puella
568 1129 655 1197 caput
677 1125 796 1180 loannis
820 1125 848 1179 in
867 1142 927 1180 car·

89 1198 640 1396 1⁰:³55{lgssgwlssfflssffiiffi'asffid
660 1196 929 1339 {ssss'sffflffiaffi
980 1235 1090 1291 Tenens
1103 1236 1259 1306 spiculator
1273 1239 1402 1308 gladium
1424 1239 1453 1293 in
1481 1240 1623 1309 manibus,
1651 1243 1734 1297 tertio
1754 1243 1811 1298 ictu

90 1341 218 1397 loannis
256 1337 382 1412 aptistae.
396 1341 458 1406 Quo
473 1340 580 1395 ablato.
594 1343 674 1410 desp.
689 1338 833 1394 Metuebat
844 1340 929 1394 llero·
981 1307 1216 1409 Pmumcfput·
1227 1309 1354 1408 ³⁰⁸⁰¹¹i³j
1371 1315 1399 1365 οι
1412 1316 1562 1380 amputare
1578 1328 1634 1368 ¹¹⁰⁰
1649 1317 1751 1384 Ρῡωη·

91 1415 146 1468 des
161 1411 318 1477 loannem,
333 1411 427 1467 sciens
441 1425 508 1467 eum
519 1409 927 1481 virumjustumetsanctum;
981 1395 1162 1467 32⁸l³⁰⁷²⁸⁰l²⁰
1191 1413 1245 1452 νῦν
1274 1398 1437 1478 Ᾱῖῑνννθνν
1472 1399 1504 1454 (ν
1534 1402 1691 1459 Ναννναῑθ
1714 1408 1812 1459 tatwloe

94 1489 125 1540 et
138 1483 241 1539 audito
256 1498 291 1539 eo
302 1481 485 1553 multssigoa
498 1481 663 1545 facientem,
682 1486 711 1537 et
722 1498 811 1537 cascos
823 1479 929 1536 illumi·
1231 1468 1342 1533 Marte,
1362 1469 1399 1523 (ld
1421 1469 1559 1541 Verterat·

93 1557 230 1619 nantem,
247 1557 277 1609 ct
290 1555 438 1608 daemones
457 1552 730 1624 congratantes.
747 1552 802 1608 Pro
826 1568 870 1619 eo,
899 1556 930 1607 ut
1017 1556 1134 1627 dotipb.
1155 1557 1213 1612 Sub
1233 1562 1282 1612 tua
1297 1556 1474 1640 protectione
1489 1558 1680 1632 confugimus,
1707 1560 1755 1616 ubi
1770 1561 1812 1616 in-

94 1642 145 1682 me
159 1626 316 1696 diligerent
326 1624 516 1681 detrahebant
532 1624 613 1688 mihi,
623 1640 675 1695 ego
690 1627 786 1679 autem
798 1624 928 1679 orabam.
982 1626 1059 1681 firmi
1083 1633 1255 1698 acceperunt
1281 1633 1414 1684 virtutem
1440 1648 1448 1698 ;
1473 1635 1502 1684 et
1533 1637 1649 1703 propter
1676 1633 1730 1688 hoc
1762 1632 1811 1688 tibi

93 1698 177 1769 desp.
194 1696 270 1765 Quid
289 1701 396 1767 petam,
422 1694 540 1751 mater?
558 1695 635 1750 Nihil
662 1695 740 1750 aliud
766 1699 854 1765 petas,
875 1694 929 1750 nisi
984 1698 1143 1770 psallimus,
1160 1699 1209 1754 llei
1225 1699 1348 1765 genitrix
1365 1700 1455 1771 virgo.

93 1774 185 1839 caput
199 1768 331 1823 loannis.
349 1768 416 1832 Qum
432 1783 497 1822 cum
513 1766 658 1822 introisset
672 1765 930 1822 cumlestinntione
946 1769 968 1829 B
1019 1770 1389 1842 Respomoriouodesupru.

93 1840 132 1897 sd
143 1856 257 1911 regem,
274 1838 373 1910 petivit
383 1837 495 1897 dicens:
514 1839 616 1893 Precor
626 1844 664 1901 le,
675 1837 791 1892 domine
817 1854 877 1903 rex,
899 1841 930 1892 ut
1020 1841 1098 1911 desp.
1114 1841 1202 1896 llodie
1216 1847 1284 1897 nata
1298 1850 1341 1897 est
1360 1844 1443 1898 beata
1468 1842 1546 1912 virgo
1572 1842 1662 1899 llaria
1690 1861 1724 1900 ex
1747 1863 1810 1916 pro

93 1913 146 1967 des
158 1911 232 1965 mihi
245 1914 332 1981 caput
347 1909 466 1964 loannis
479 1910 507 1963 in
522 1910 608 1964 disco.
626 1910 700 1964 Vero.
721 1908 778 1964 ltex
806 1909 930 1964 Herodes
983 1911 1067 1984 genie
1082 1912 1179 1977 David,
1196 1929 1246 1984 per
1260 1930 1343 1983 quem
1358 1913 1435 1968 salus
1455 1914 1555 1969 mundi
1570 1915 1712 1985 apparuit,
1728 1917 1809 1989 cujus

93 1982 138 2038 ait
152 1983 259 2053 puelle
271 1998 277 2038 :
290 1984 357 2037 Pete
371 1997 388 2035 a
405 1996 450 2036 me
463 1982 530 2051 quid
546 1980 598 2046 vis,
609 1985 638 2035 et
652 1982 727 2035 dabo
739 1980 801 2036 tibi.
820 1981 924 2051 Caput.
985 1983 1041 2038 vita
1055 1983 1179 2053 gloriosa
1191 1983 1281 2039 lucem
1307 1983 1385 2038 dedit
1399 1984 1513 2039 sarculo.
1533 1988 1603 2040 Vero.
1635 1986 1810 2042 beatissimas

93 2055 174 2125 desp.
199 2054 390 2109 contristatus
412 2057 456 2108 est
478 2068 527 2107 rex
554 2053 680 2106 Herodes
704 2055 819 2122 propter
839 2050 931 2123 jusju·
985 2054 1103 2122 virginis
1117 2054 1215 2109 Marias
1230 2054 1410 2110 nativitatem
1426 2056 1609 2111 devotissime
1623 2057 1807 2113 celebremus.

90 2126 236 2187 modom,
251 2130 280 2179 et
294 2127 410 2195 propter
424 2124 510 2178 simul
522 2124 743 2186 discumbentes,
754 2121 847 2177 noluit
865 2138 930 2177 eam
984 2126 1074 2197 822
1093 2126 1168 2196 llesp.
1183 2125 1361 2181 beatissimas
1383 2127 1498 2208 virginis
1514 2127 1606 2184 ldariae
1627 2128 1808 2184 nativitatem

91 2195 273 2253 contristari.
294 2198 363 2251 Vera.
389 2195 515 2249 llarodes
530 2193 658 2248 lvrnestus
670 2193 803 2265 praecepit
824 2192 931 2248 interil-
985 2195 1168 2253 devotissime
1182 2199 1367 2265 celebremus,
1385 2202 1416 2253 ut
1428 2215 1491 2270 ipsa
1501 2215 1551 2269 pro
1563 2198 1644 2254 nobis
1654 2194 1823 2256 intercedat'

92 2284 163 2324 cere
179 2271 208 2323 et
224 2265 483 2338 amputarejussit.
500 2265 592 2336 Caput
606 2265 686 2335 liesp.
701 2265 731 2320 ln
760 2264 854 2319 medio
869 2281 930 2320 car·
985 2266 1022 2324 ad
1038 2268 1190 2323 Dominum
1208 2267 1306 2323 lesum
1320 2269 1477 2324 Clrristnm.
1502 2270 1812 2327 Vars.llodienataest

92 2340 171 2395 ceris
183 2342 266 2393 stans
283 2340 382 2394 beatus
397 2337 521 2391 loannes
541 2352 608 2391 voce
623 2352 729 2407 magna
744 2334 879 2391 clamavit
903 2339 931 2390 al
985 2338 1065 2409 virgo
1082 2339 1172 2394 llario
1186 2355 1220 2395 ex
1235 2340 1368 2413 progenie
1386 2340 1486 2395 David.
1504 2342 1582 2411 [terp.
1599 2341 1734 2397 utortosae
1757 2343 1812 2397 vir·

93 2408 507 2471 dixit:DomlneDeusmeus‚
525 2407 931 2462 inmannstuascommcndo
1005 2410 1279 2466 inislllariaeortum
1305 2411 1504 2482 dignissimum
1534 2412 1701 2477 recolentes,
1731 2415 1812 2483 cujus

92 2482 234 2553 spiritum
260 2496 364 2534 meum.
400 2478 478 2535 Vero.
506 2479 647 2544 Quoniam
677 2484 706 2532 tu
734 2495 763 2533 es
789 2483 933 2549 protector
1029 2481 1330 2537 minushumilitatem
1347 2482 1509 2555 respiciens,
1526 2484 1627 2554 angelo
1649 2484 1811 2549 nuntiante,

94 2569 195 2618 meus,
213 2551 345 2608 Domine.
358 2551 436 2621 Resp.
455 2550 531 2605 Misit
543 2566 591 2604 rex
606 2548 770 2604 incredulus
785 2549 932 2604 ministros
985 2553 1117 2622 concepit
1135 2554 1356 2625 Redemptorcm
1372 2554 1482 2609 mundi.
1522 2555 1598 2611 l'ers.
1633 2555 1812 2611 Beatissimae

95 2623 297 2685 detestabiles,
311 2620 494 2692 etamputari
503 2620 684 2703 jussitcaput
698 2620 817 2676 loannis
828 2620 857 2675 in
872 2637 932 2675 car·
986 2623 1104 2695 uirginis
1126 2624 1227 2681 llario.
1252 2626 1334 2695 Resp.
1363 2625 1503 2680 Nativitas
1527 2630 1585 2690 tua,
1610 2625 1660 2680 Dei
1689 2627 1812 2697 genitrix

95 2711 176 2752 cere.
195 2694 272 2750 Vera.
289 2694 348 2765 ligo
362 2709 418 2748 noo
434 2692 582 2763 prohibeo,
599 2691 622 2747 si
637 2691 765 2748 Christus
788 2695 815 2747 te
828 2692 933 2763 permi-
985 2695 1082 2764 Virgo,
1099 2695 1236 2767 gaudium
1252 2695 1435 2751 annuntiavit
1450 2696 1582 2752 universo
1598 2698 1717 2752 mundo.
1732 2699 1770 2753 Es
1785 2703 1812 2753 te

95 2767 136 2822 sil
147 2764 236 2837 cupiti
253 2782 317 2819 meo
333 2768 460 2836 paratus.
476 2764 553 2834 llesp.
569 2763 652 2818 lllisso
673 2763 798 2818 Herodes
812 2762 932 2834 spicula·
985 2768 1062 2822 enim
1078 2772 1157 2822 ortus
1167 2771 1211 2821 est
1219 2767 1261 2821 sol
1273 2767 1393 2838 justitiae
1407 2766 1536 2823 Christus
1551 2768 1624 2823 Deus
1639 2773 1746 2824 noster.
1760 2770 1813 2824 Ea-

94 2843 173 2900 tore,
199 2836 335 2908 proecepit
349 2835 494 2906 amputari
517 2837 602 2916 caput
616 2834 736 2889 loannis
751 2834 779 2889 ia
799 2851 930 2901 carcere3
984 2836 1098 2894 solvens
1127 2836 1368 2904 maledictionem,
1395 2838 1474 2893 dedit
1495 2838 1725 2894 Benedictiooem
1750 2856 1758 2905 ;
1783 2845 1811 2894 et

95 2926 157 2982 quo
172 2907 284 2975 audito,
297 2907 384 2978 821
398 2905 526 2977 discipuli
540 2910 749 2978 ejusvenerunl
762 2910 791 2961 et
805 2906 931 2962 tulerunt
984 2910 1164 2965 contundens
1178 2912 1309 2975 mortem,
1339 2909 1459 2965 donavit
1482 2909 1564 2964 nobis
1590 2910 1679 2965 vitam
1707 2910 1811 2982 sempi-

94 2996 204 3052 corpus
218 2979 292 3049 ejus,
302 2984 331 3032 et
341 2980 498 3049 posuerunt
508 2975 577 3031 illud
592 2976 621 3031 in
633 2984 831 3032 monumento.
853 2978 929 3033 Vera.
984 2985 1107 3037 ternum.
1788 2980 1794 2987 '

95 3052 276 3108 decedentes
289 3054 386 3105 autem
401 3048 532 3119 discipuli
545 3048 635 3103 sancti
655 3048 774 3103 loannis
797 3049 929 3117 Baptistae
1131 3068 1295 3139 ΜΡΝ
1309 3068 1340 3122 r„
1350 3067 1495 3124 matutini,
1507 3068 1658 3124 [studim

97 3126 253 3185 venerunt,
277 3126 307 3176 et
330 3120 572 3190 tuleruntcorpns
600 3119 675 3201 ejus.
707 3122 739 3174 Et
756 3121 967 3190 posuerunt.(}

97 3193 365 3265 &concredentes
383 3191 512 3262 discipuli
534 3196 626 3245 sanctu
647 3189 766 3246 loannis
793 3191 929 3262 Baptistae

95 3266 229 3321 tulerunt
238 3280 341 3335 corpus
353 3263 425 3335 ejus,
435 3266 464 3318 et
477 3262 650 3332 sepelierunt
661 3260 742 3317 illud.
760 3263 830 3317 Vera.
844 3263 928 3317 ltlisso

96 3338 226 3392 llerodes
236 3334 418 3406 spiculatore,
434 3333 568 3405 praecepit
589 3333 731 3404 amputavi
748 3338 834 3404 caput
845 3335 930 3388 loan-

96 3408 142 3463 nis
156 3408 187 3463 in
203 3422 318 3462 carcere
329 3421 402 3476 ;quo
417 3404 525 3469 audito,
547 3403 676 3475 discipuli
690 3404 753 3477 ejus
778 3408 918 3460 venerunt

97 3484 126 3536 et
140 3479 272 3535 tulerunt
282 3493 385 3548 corpus
399 3476 470 3550 ejus.
489 3477 522 3530 Et
533 3475 715 3546 sepelierunt.

1016 880 1188 937 decedentes
1204 883 1295 939 sancti
1313 883 1433 938 loannis
1447 882 1582 954 Baptistae
1600 884 1753 960 [discipuli]
1769 891 1812 941 tu-

981 949 1076 1005 lerunt.
1093 953 1283 1025 corpusejus,
1308 959 1336 1008 ct
1364 955 1538 1025 sepelierunt
1562 955 1640 1011 illud.
1664 958 1731 1012 dut.
1759 958 1810 1013 He·

982 1023 1065 1078 rodes
1079 1024 1155 1077 enim
1178 1024 1279 1087 tenuit,
1302 1032 1332 1079 ul
1347 1042 1441 1095 supro.
1456 1028 1523 1080 plut.
1542 1026 1647 1083 Puellse
1676 1028 1806 1088 saltanti.

980 1093 1045 1147 dot.
1065 1094 1232 1150 Dominemi
1248 1113 1296 1150 rex
1307 1097 1402 1151 lsrael.
1419 1098 1485 1151 Ant.
1500 1104 1638 1167 Arguebat
1651 1099 1806 1158 Herodem.

979 1164 1047 1218 Ant.
1065 1166 1105 1220 lla
1120 1165 1190 1220 milri
1202 1166 1229 1221 in
1241 1168 1328 1221 disco.
1352 1167 1425 1221 l'ers.
1440 1168 1571 1231 Posuisti,
1590 1170 1719 1226 [tantine.
1736 1172 1806 1229 Ant.

1018 3156 1133 3228 dotiplv.
1160 3156 1299 3213 Nativitas
1324 3157 1441 3227 virginis
1468 3158 1565 3213 llariie
1585 3163 1654 3213 ortae
1680 3157 1808 3214 detribu

983 3306 1088 3355 sanctae
1103 3300 1198 3355 llarirs
1209 3300 1339 3380 uirginis,
1354 3300 1436 3355 cu'us
1456 3301 1512 3354 vita
1527 3299 1631 3371 inclyta
1647 3306 1764 3355 cunctas
1780 3301 1811 3355 il·

983 3371 1086 3427 lustrat
1113 3371 1258 3425 Ecclesiae.
1284 3372 1351 3425 Ant.
1383 3317 1479 3441 degnli
1500 3387 1534 3426 ex
1559 3372 1696 3442 progenie
1724 3373 1811 3427 llario

919 3445 928 3473 '
983 3448 1082 3498 exorta
1096 3441 1217 3505 relulsit,
1240 3445 1321 3522 cujus
1336 3441 1466 3512 precibus
1488 3458 1541 3495 uos
1562 3442 1692 3514 adjuvari
1715 3448 1812 3499 mente

339 3565 374 3621 ln
388 3565 533 3621 matutinis
546 3564 682 3620 Laudibus
984 3512 1124 3638 ethspiritu
1136 3512 1559 3638 devotissrmleposcimusshlot.
1576 3518 1701 3594 Cordeet
1712 3514 1810 3596 εηίηεο

130 3655 251 3728 dotipls.
264 3655 459 3727 Interrogatus
476 3655 601 3735 loannes
620 3656 657 3708 sb
670 3653 780 3709 Herode
806 3654 925 3711 dicens:
983 3584 1537 3727 pcrrdlcsetlzaeczfflrigiagderi'lbl'bliiaffdads.
1552 3585 1811 3727 {ffffinseffggfflg

95 3729 125 3786 st
135 3728 250 3784 licitum
267 3726 418 3785 metronis
431 3741 515 3797 conju
538 3741 584 3780 em
599 3725 749 3795 accipere?
769 3725 838 3780 dot.
853 3725 929 3782 Dice·
983 3726 1163 3782 nativitatem
1189 3726 1278 3780 besta>
1301 3724 1399 3780 Marisa
1413 3724 1601 3789 celebremus,
1630 3727 1735 3797 utipsa
1760 3743 1810 3796 pro

94 3801 144 3857 bat
171 3799 254 3856 enim
282 3798 342 3869 regi
367 3798 497 3878 loannes
517 3741 646 3867 {aptista
668 3797 754 3851 :Non
785 3797 851 3852 licet
879 3797 928 3853 tibi
983 3796 1233 3853 nobisintercedat
1249 3797 1286 3852 ad
1300 3796 1455 3851 bominum
1468 3800 1711 3854 beumnostrum.
1736 3798 1809 3855 Vere.

94 3872 204 3928 babere
217 3886 336 3925 uxorem
349 3868 445 3924 fratris
456 3873 510 3922 tur.
525 3870 592 3922 dat.
615 3868 761 3938 Arguebat
773 3870 927 3937 ‘Herodem
983 3868 1091 3925 Diliusa
1106 3872 1157 3925 est.

92 3946 225 4001 loannes
236 3945 353 4013 propter
365 3939 566 4001 Herodiadem,
576 3956 662 4010 quam
672 3940 778 3995 tulerat
787 3939 867 4005 [ratri
877 3955 928 3995 suo
1296 3957 1328 4011 pn
1338 3956 1495 4028 Εωῃφιῑο,

93 4015 232 4086 Philippo
245 4028 366 4068 uxorem.
378 4012 439 4066 dot
466 4012 589 4065 llerodes
598 4010 677 4064 enim
688 4012 779 4066 tenuit
789 4016 817 4065 et
830 4012 929 4081 ligavit

91 4086 253 4149 loannem,
270 4088 299 4139 et
314 4082 441 4154 posuitin
456 4082 926 4153 carceremproptertterudiadem.

91 4161 160 4215 dot.
177 4155 268 4212 Petiit
295 4154 388 4235 puella
405 4157 490 4225 caput
504 4154 623 4208 loannis
646 4152 787 4236 totiaco}
799 4170 856 4224 quo
878 4171 927 4209 ac-

91 4223 929 4425 saturissatiris.att}atpttgacnr}
973 4259 1810 4404 tuirstatt‘renumrattruut

92 4388 163 4429 ω
179 4385 243 4451 Ψῃ·
284 4385 323 4450 ²²:
359 4381 573 4448 ⁰m¹⁰⁰¹¹¹¹r⁹=¹'
606 4382 669 4421 ω’
693 4383 741 4450 ΗΡ
770 4383 913 4450 Ιποοῖψυ
983 4402 1110 4458 Christus
1125 4403 1197 4458 Deus
1210 4406 1316 4457 noster.
1334 4402 1487 4457 Exsolvens
1503 4402 1747 4471 maledictionem,
1763 4405 1810 4460 de·

88 4446 220 4587 fflffl'ss,
232 4437 820 4583 ggfssffimffv'ff'cffiffs'i'dgffieffitelta
833 4455 928 4566 [[3ὲὲῗὲ
945 4489 966 4547 ι)
982 4474 1025 4529 dit
1039 4473 1282 4540 benedictionem,
1294 4477 1323 4529 et
1343 4473 1523 4529 contundens
1546 4478 1668 4530 mortem
1693 4475 1812 4533 donavit

89 4584 223 4643 carceris
234 4583 424 4637 stansbeatus
437 4580 573 4644 loannes,
590 4596 657 4635 voce
672 4596 779 4651 magna
793 4581 930 4637 clamavit
982 4546 1431 4645 ⁰⁰b¹⁸v¹l³¹ff¹⁸f³mp¹t⁰f⁰⁸mfl
1508 4634 1538 4646 ,,
1652 4636 1657 4646 ,
1782 4636 1787 4647 ,

90 4663 122 4715 ep
137 4655 215 4711 dim
227 4670 234 4709 :
248 4652 369 4708 Domine
377 4652 452 4707 Deus
465 4667 555 4716 meus,
579 4650 607 4705 in
634 4655 662 4707 te
686 4654 858 4708 commendo
874 4652 929 4724 spi.
982 4635 1230 4706 Respoosorrostoe
1243 4633 1410 4702 Antiphone
1420 4635 1554 4706 toorpslro
1566 4640 1653 4689 suncti
1666 4635 1799 4691 Hermetrs

89 4729 187 4787 ritum
202 4740 310 4781 meum.
323 4724 391 4779 dol.
405 4722 595 4779 contristatus
607 4727 649 4777 est
659 4738 709 4778 rex
723 4726 930 4797 propterjora·
1020 4726 1101 4789 Rern.
1118 4724 1175 4793 Ego
1190 4721 1392 4793 praefecturam
1407 4738 1464 4777 non
1481 4722 1600 4803 perdidi,
1620 4725 1670 4779 sed
1683 4724 1805 4781 mutavi.

93 4803 244 4859 mentum,
256 4799 285 4852 et
297 4802 410 4866 propter
423 4793 508 4848 simul
523 4794 735 4849 discumbentes
756 4795 849 4850 noluit
862 4812 928 4851 cam
984 4797 1056 4850 Nam
1083 4793 1208 4865 dignitus
1228 4799 1340 4849 terrena
1359 4796 1410 4848 aut
1430 4793 1549 4855 tollitur.
1578 4799 1628 4850 sut
1653 4800 1808 4860 mutatur;

95 4864 507 4938 contristari3caputloanois
518 4865 605 4938 jussit
615 4864 726 4921 alterae.
741 4867 807 4920 Ant.
825 4868 928 4923 Puellae
983 4864 1108 4937 dignitas
1126 4880 1192 4919 vero
1204 4864 1327 4920 coelcstis
1338 4870 1446 4919 aeterna
1459 4872 1503 4920 est
1517 4869 1546 4920 et
1566 4867 1703 4937 persistit.
1730 4868 1804 4923 νινε.

96 4938 218 4997 saltanti
233 4937 384 5008 imperarit
403 4942 497 4992 mater
519 4952 526 4992 :
549 4935 623 4990 Nihil
650 4935 728 4991 aliud
757 4941 846 5006 petas,
874 4937 928 4993 nisi
984 4937 1104 4991 Domine
1125 4938 1292 4990 tteusmeus
1319 4936 1447 5001 tiermes,
1475 4936 1582 5008 respice
1607 4938 1809 5009 preelecturam

95 5016 185 5084 ceput
195 5010 326 5067 loannis.
339 5010 406 5064 dot.
425 5008 550 5063 Herodes
560 5007 690 5062 funestus
703 5006 829 5088 proecipil
843 5008 929 5064 inter·
984 5012 1071 5071 tuem,
1082 5010 1111 5060 et
1121 5006 1229 5075 respice
1244 5005 1450 5077 patrimonium
1467 5011 1560 5063 tuunr.
1575 5009 1635 5063 Tua
1649 5010 1752 5064 domus
1767 5026 1811 5064 or-

96 5084 194 5151 licere,
211 5086 239 5138 et
253 5097 300 5136 am
324 5080 396 5135 utari
409 5079 498 5153 jussit
511 5083 596 5150 caput
609 5079 729 5134 loannis
753 5078 781 5133 in
798 5096 922 5136 carcere.
983 5084 1053 5134 nate
1066 5083 1118 5133 est.
1142 5077 1372 5147 dignitatatem.
1389 5078 1510 5135 Domine
1534 5083 1597 5134 lesu
1624 5080 1746 5147 lllrriste,
1762 5078 1810 5151 qui

95 5152 267 5211 Ant.blisso
312 5152 413 5207 erodes
427 5150 609 5222 spiculatore,
627 5148 762 5221 praecepit
782 5150 927 5221 amputari
983 5167 1030 5205 me
1046 5148 1074 5204 io
1096 5147 1232 5204 cathedra
1256 5147 1376 5219 apostoli
1391 5148 1431 5203 tui
1456 5152 1555 5205 sedere
1579 5150 1679 5215 iecisti,
1709 5154 1812 5222 preste

97 5224 314 5298 caputloanuis
327 5222 355 5278 in
371 5238 499 5287 carcere,·
511 5236 568 5293 quo
592 5220 690 5276 audito
710 5220 840 5291 discipuli
866 5223 928 5278 e'us
983 5220 1050 5275 mibi
1063 5223 1095 5275 ut
1109 5219 1207 5276 mittas
1221 5221 1355 5290 angelum
1371 5225 1463 5281 tuum,
1497 5222 1523 5276 ui
1540 5237 1586 5277 me
1602 5223 1686 5278 bodie
1699 5238 1812 5293 vesper·

98 5300 252 5359 venerunt,
267 5300 296 5350 et
310 5295 436 5350 tulerunt
450 5309 553 5366 corpus
567 5293 639 5365 ejus,
654 5298 681 5348 et
692 5240 929 5363 posueruotitlud
983 5293 1044 5347 tino
1056 5295 1184 5373 tempore
1199 5293 1386 5374 perducatad
1403 5239 1544 5348 ramulum
1565 5299 1641 5349 tuum
1669 5295 1806 5349 llermon.

99 5367 126 5425 in
138 5370 341 5425 monumento.
990 5364 1062 5419 Vere.
1075 5363 1108 5417 Et
1123 5367 1226 5418 iterum
1243 5367 1385 5419 matutino
1409 5364 1456 5419 hic
1477 5370 1589 5419 revocet
1615 5365 1729 5422 nemine
1745 5380 1811 5419 sen·

362 5454 397 5510 1„
416 5454 460 5509 dfe
474 5453 510 5509 ap
529 5454 668 5525 pam&
983 5435 1071 5491 tiente
1086 5435 1178 5489 donec
1190 5436 1353 5507 aggrediar.
1372 5438 1415 5489 Ad
1430 5435 1584 5491 famulum.

132 5545 254 5617 dolipb.
270 5546 301 5600 ln
316 5543 457 5600 memoria
479 5549 589 5599 eterne
605 5541 659 5599 erit
670 5542 780 5623 justum
797 5543 833 5597 ab
846 5540 928 5597 audi·
1019 5507 1130 5578 (mmm
1142 5522 1190 5561 ἐν
1201 5509 1281 5562 ‘¹²¹⁶oe
1294 5506 1324 5561 in
1338 5507 1406 5607 Ψ)
1512 5597 1517 5607 ,

98 5618 177 5675 tione
188 5617 269 5673 mals
283 5616 474 5672 nontimebit.
489 5614 565 5671 Psol.
581 5615 682 5669 Restm
696 5630 740 5668 vrr
766 5614 814 5685 qui
828 5613 923 5670 timet.
1215 5596 1250 5651 [ν
1264 5603 1408 5651 mmmm&
1425 5595 1574 5651 Lilffll'l'm·

98 5690 167 5748 Ast.
186 5688 385 5746 Colloccteum
398 5686 539 5743 Dominus
553 5702 618 5742 curu
629 5683 804 5767 principibus
833 5684 929 5768 populi
1018 5685 1076 5757 ligo
1097 5684 1297 5757 praefecturam
1310 5700 1368 5740 non
1384 5683 1505 5756 perdidi,
1527 5682 1576 5738 sed
1589 5685 1695 5740 otolavi
1712 5682 1741 5742 in
1757 5704 1807 5745 oo·

100 5762 153 5821 sui.
167 5759 245 5821 ruat.
267 5759 404 5835 mutate,
430 5757 521 5836 pueri.
549 5758 616 5817 dat.
635 5756 781 5837 Diruprsti,
796 5756 928 5828 Domine,
982 5756 1061 5816 mine
1073 5755 1197 5815 bomini.
1211 5758 1280 5814 dot.
1293 5754 1415 5815 Domine
1426 5758 1498 5814 oeus
1510 5756 1720 5819 meustlermes
1735 5776 1808 5839 prae.

1017 4046 1131 4116 dnlipb.
1143 4042 1327 4101 Nativitatem
1341 4044 1510 4100 hodiernam
1526 4050 1668 4117 perpetuae
1694 4046 1810 4117 virginis

981 4118 1127 4190 genitricis
1143 4116 1292 4172 lleillariac
1303 4117 1515 4172 solemnitatem
1531 4118 1717 4183 celebremus,
1731 4119 1807 4190 [qua]

982 4205 1069 4260 quam
1084 4187 1323 4244 celsitudotbroni
1337 4187 1568 4259 processitallel.
1584 4190 1651 4245 Ant.
1669 4190 1810 4245 Nativitas

983 3231 1064 3289 luda,
1078 3231 1155 3283 clara
1169 3245 1202 3284 en
1214 3228 1302 3298 stirpe
1316 3230 1412 3284 [levid.
1427 3230 1495 3283 dat.
1511 3229 1652 3283 Nativitas
1666 3235 1711 3284 est
1726 3230 1810 3285 bodie
1862 3242 1867 3247 “
1893 3256 1903 3267 ·
