4052 6186
264 220 321 284 7711

886 216 1017 279 aaron
1035 211 1207 283 cnmonu
1227 214 1346 281 unam
1561 182 1568 187 ’
1876 234 1921 295 na

262 353 334 407 Ant.
350 348 421 415 Ouia
436 347 531 403 vidisti
548 363 605 413 me,
622 347 738 413 Thema,
763 345 908 402 credidisti
925 366 933 414 3
950 349 1025 403 beati
1040 335 1084 421 qui
1102 354 1126 413 Α
1142 350 1257 406 alleluia
1269 367 1276 406 ι
1290 367 1340 405 vos
1355 348 1487 419 palmites
1496 340 1565 413 veri,
1577 342 1708 404 alleluia.
1722 346 1781 406 Aut.
1791 353 1855 409 [lixit
1862 359 1923 418 leun

262 439 321 477 non
334 421 474 485 viderunt,
489 426 517 474 et
532 420 724 481 crediderunt,
739 418 861 477 alleluia.
880 418 1006 473 alleluia.
1021 422 1088 475 Bea-

264 497 309 546 tus
324 491 374 546 111.
393 492 454 545 Post
471 491 540 545 10111
554 491 686 545 Alleluia.
703 492 808 544 Omnes
823 495 931 560 gentes,
945 491 1083 560 plaudite.

266 562 342 617 Vera.
357 564 381 615 l.
399 562 541 627 Quorrinm
559 561 697 616 Dominus
708 577 836 615 sumnus.
852 560 924 613 Vera.
939 564 966 616 u.
981 564 1088 631 Ascen7

262 633 389 688 ditDeus
406 634 434 686 in
447 633 632 704 jubilatione.
660 634 730 686 Ant.
758 632 818 686 illisi
841 632 944 702 digitos
967 634 1087 687 meosin

262 704 384 759 tiruram
401 705 559 767 clavorum,
577 707 720 758 almanus
736 718 815 757 meas
842 703 871 756 in
885 703 959 757 latus
973 706 1045 776 eJus,
1061 707 1090 759 et

263 774 336 830 dixi:
354 775 492 830 Dominus
507 791 600 838 meus,
616 779 644 828 et
659 775 731 829 Deus
747 789 839 837 meus,
856 773 981 829 alleluia.

565 874 600 926 In
624 871 781 941 Evangelio.

298 969 365 1024 Ant.
383 968 460 1023 lllitte
473 984 593 1023 manum
610 972 702 1033 tuam,
718 971 746 1021 et
769 982 909 1037 cognosce
921 965 983 1021 loca
996 966 1088 1022 claro·

263 1056 339 1104 rum,
355 1039 480 1107 alleluia,
497 1044 524 1093 et
550 1038 609 1093 noli
634 1055 695 1093 esse
719 1037 893 1105 incredulus,
915 1042 964 1093 sed
985 1037 1088 1101 fidelis,

263 1110 392 1166 alleluia.
411 1110 480 1166 Ant.
501 1110 566 1163 llaec
588 1115 686 1164 autem
699 1108 805 1179 scripta
829 1115 905 1172 sunt,
923 1114 954 1163 ut
967 1109 1089 1163 credatis

191 1182 195 1190 “
263 1181 424 1251 quialesus
439 1186 483 1236 est
507 1181 636 1235 Christus
663 1180 748 1233 Filius
772 1179 832 1243 Dei,
856 1180 1089 1234 etutcredentes

262 1252 353 1306 vitam
366 1250 496 1306 habeatis
511 1250 667 1306 innomine
691 1250 789 1321 ipsius,
817 1248 894 1305 allel.
917 1253 991 1304 Dato
1002 1251 1084 1307 Orat.

262 1323 386 1393 etfinita,
404 1326 468 1393 post
495 1321 571 1376 hanc
588 1321 689 1376 bibant
714 1337 869 1376 ecunacum
890 1320 982 1391 primo
995 1320 1088 1393 [Forte

264 1394 372 1457 bibant,
389 1410 447 1448 uua
465 1409 531 1446 curn
547 1391 651 1465 primo]
664 1392 768 1448 scholae
780 1395 900 1462 pergant
912 1392 1089 1447 canentesad

263 1464 357 1520 Later.
368 1464 484 1534 Antiph.
501 1467 665 1535 Antepouo.

325 1560 368 1616 Ab
384 1561 483 1616 Octauo
497 1561 605 1615 Pascite
616 1576 668 1631 per
683 1566 765 1614 totum
781 1559 1022 1615 Resurrectionem.

299 1658 470 1730 SnperPsnl.
486 1659 516 1711 in
529 1658 710 1728 Euangelinm
737 1663 761 1711 cl
778 1657 909 1721 versoria,
925 1664 950 1711 et
966 1658 995 1711 t'n
1010 1674 1087 1711 sortu-

264 1736 366 1795 tornrn,
380 1729 504 1792 alleluiu,
516 1729 639 1783 dicendae
650 1735 712 1782 sarit
727 1728 791 1782 item
804 1729 922 1795 Antipb.
936 1728 970 1781 de
985 1731 1087 1782 ilesun-

262 1802 379 1855 rectione
392 1801 514 1861 Domini,
540 1800 691 1869 ubicunqne
713 1799 838 1852 uolneris.
863 1803 931 1853 Ant.
948 1798 1088 1855 Exeuntes

263 1870 607 1939 duoexdiscipulislesu,
636 1869 717 1923 ibant
745 1868 865 1939 ipsodie
894 1869 1087 1925 incastellum

262 1942 379 1996 nomine
395 1943 541 2005 Emmaus
552 1940 678 1998 alleluia.
688 1944 757 1994 Ant.
774 1941 835 1997 Pax
847 1940 937 2007 vobis,
951 1957 1086 2010 egosum,

262 2012 351 2067 nolite
363 2012 474 2079 timore,
484 2010 610 2067 alleluia.
632 2013 700 2065 Aret.
714 2010 880 2066 Conturbati
895 2027 962 2065 vero
977 2016 1087 2066 111011-

262 2083 364 2150 territi,
380 2084 584 2138 existimabunt
599 2098 628 2137 se
644 2081 774 2151 spiritum
791 2082 896 2135 ridere.
915 2083 948 2135 lit
961 2081 1084 2138 aitillis:

262 2154 336 2219 Ouid
356 2154 461 2208 turbati
488 2153 556 2208 estis
582 2153 621 2223 [et
650 2152 848 2221 cogitationes]
874 2153 1033 2207 ascendunt
1057 2153 1087 2209 in
1182 2196 1188 2207 .

261 2227 348 2279 corda
363 2229 466 2283 vestra.
479 2223 605 2287 alleluia,
621 2223 746 2277 alleluia.
761 2222 1086 2292 ,lnt.Spirituscarnem

262 2300 290 2350 et
304 2311 369 2349 ossa
391 2311 447 2349 non
464 2294 570 2348 habent
597 2293 669 2348 sieut
689 2309 736 2347 me
758 2292 857 2347 ridelis
885 2293 1003 2349 babere.
1022 2294 1085 2349 lam

261 2366 378 2428 credite,
395 2364 519 2420 alleluia.
545 2370 611 2418 Ant.
628 2365 661 2417 Et
675 2364 747 2417 dixit
760 2365 795 2417 ad
810 2379 869 2427 eos,
885 2363 1009 2428 alleluia,
1026 2365 1087 2422 inec

260 2440 328 2491 sunt
342 2438 427 2491 rerba
451 2452 515 2506 quae
541 2435 652 2489 locutus
678 2451 741 2489 sum
756 2436 862 2497 advos,
875 2434 1001 2489 alleluia.
1016 2440 1084 2492 Ant.

262 2506 457 2562 Manifestarit
471 2505 592 2562 selesus
617 2507 654 2561 ad
675 2521 754 2560 mare
769 2505 935 2569 Tiberiadis,
960 2506 1083 2573 alleluia,

261 2578 386 2642 alleluia,
407 2583 486 2632 stans
511 2578 592 2632 lesus
607 2576 637 2631 in
660 2576 764 2637 littore,
794 2577 905 2632 vocarit
931 2576 1085 2647 discipulos

261 2665 337 2713 sum,
352 2649 476 2704 alleluiu.
490 2650 559 2703 Ant.
577 2648 647 2702 Cum
662 2647 788 2703 audisset
797 2647 896 2702 Petrus
908 2648 975 2717 quia
989 2648 1083 2703 Domi·

260 2737 315 2775 nus
330 2724 380 2783 est,
406 2719 504 2775 tunica
518 2719 656 2774 succinxit
682 2735 723 2783 sc,
747 2723 776 2773 et
792 2718 871 2772 misit
897 2717 925 2772 in
951 2734 1040 2787 mare,
1056 2726 1085 2776 et
1140 2764 1145 2775 .

259 2791 395 2846 clamarit
423 2808 492 2846 voce
516 2807 622 2861 magna
635 2789 731 2844 dicens
748 2805 754 2842 :
772 2788 821 2843 lixi
837 2805 854 2843 a
869 2806 926 2853 me,
951 2790 1083 2855 Domine,

260 2862 420 2932 quinimmo
434 2868 565 2932 peccatur
576 2877 649 2915 suin.
661 2864 728 2915 Ant.
738 2861 811 2914 Dum
823 2859 922 2915 iterem
939 2861 1084 2917 admonu-

259 2936 400 2989 mcntum.
416 2933 471 2986 vidi
490 2931 645 2986 Dominum
661 2947 768 2994 meum,
784 2930 909 2986 alleluiu.
920 2932 989 2985 Ant.
1003 2932 1082 2986 lncli·

259 3004 336 3058 navit
351 3004 487 3069 seldaria,
503 3002 680 3073 prospexitin
694 3002 1083 3066 monuurentum‚riditduos

261 3075 378 3144 angelos
394 3074 423 3127 in
438 3073 509 3127 albis
538 3076 678 3134 sedentes,
697 3071 822 3128 alleluia.
851 3075 921 3137 Ant,
947 3060 1122 3128 TuleruntC

257 3144 412 3199 Dominum
428 3160 536 3209 meum,
551 3149 580 3198 et
593 3144 688 3197 nescio
706 3142 753 3197 ubi
767 3147 924 3212 posuerunt
938 3145 1082 3199 eumNoli

256 3215 335 3280 dere,
350 3214 449 3282 Maria,
462 3213 617 3269 resurrexit
633 3212 771 3267 Dominus
781 3213 854 3267 sicut
864 3213 944 3276 dixit,
954 3214 1080 3271 alleluia.

254 3290 314 3340 Ant
340 3286 439 3349 llario,
464 3284 522 3339 noli
535 3285 597 3356 jam
614 3283 683 3339 llere
712 3283 866 3337 Dominum
891 3283 980 3339 Deum
996 3303 1080 3356 quem

255 3355 370 3427 quaeris,
385 3356 508 3410 surrexit
522 3371 540 3410 a
555 3355 684 3425 mortuis,
713 3354 837 3409 alleluia.
854 3356 925 3410 Ant.
945 3356 1082 3413 Videutes

255 3444 321 3483 eum
335 3429 536 3489 adoraverunt,
545 3426 671 3481 alleluia.
685 3425 833 3480 Etlocutus
843 3426 1076 3491 esteis‚alleluia.

255 3501 324 3553 Ant.
337 3498 475 3553 Docentes
491 3514 539 3552 eos
554 3513 668 3552 serrare
689 3496 788 3551 omnia
802 3511 978 3567 quaecuuque
998 3516 1080 3554 man·

256 3569 320 3624 davi
334 3569 423 3633 robis,
441 3568 566 3623 alleluia.
580 3571 653 3625 Ant.
679 3569 741 3624 Una
757 3571 854 3622 autem
869 3568 984 3623 Sabbali
998 3570 1080 3625 valde

255 3639 380 3695 diluculo
394 3640 583 3695 veneruntad
608 3641 840 3702 monumentum,
857 3642 1002 3708 portantes
1016 3658 1080 3711 quae

255 3708 1080 3782 paraveranlaromata,alleluia,ulleluia.Ant.tlurrebant

227 3834 229 3838 .
256 3783 313 3837 duo
328 3782 423 3846 simul,
441 3789 467 3836 et
481 3782 528 3837 ille
541 3780 613 3835 alius
634 3781 787 3849 discipulus
804 3782 984 3850 praecucurrit
998 3782 1079 3838 eitius

255 3851 341 3908 Petro
352 3852 482 3917 ;etvenit
491 3853 568 3923 prior
577 3853 612 3906 ad
621 3854 849 3915 monumentum,
860 3851 989 3908 alleluia.
1003 3859 1078 3910 Ant.

255 3923 351 3978 Garisi
365 3928 432 3979 sunl
444 3922 582 3994 discipuli,
595 3921 720 3985 alleluia,
733 3921 793 3977 viso
803 3923 934 3987 Domino,
948 3923 1074 3982 alleluia.

255 3998 324 4050 Ant.
342 3997 420 4050 Sicut
434 3995 512 4049 misit
524 4011 569 4048 me
586 3997 677 4061 Pater,
690 3998 718 4047 ct
730 4009 782 4063 ego
792 3992 875 4046 mitto
888 3994 1078 4061 ros,alleluia.

254 4068 322 4121 Ant.
336 4067 486 4131 Quomodo
501 4064 680 4120 tradiderunt
705 4063 816 4135 justum
832 4064 937 4119 summi
950 4067 1080 4121 sacerdo-

254 4142 327 4199 tum,
343 4142 371 4193 et
391 4137 531 4207 principes
541 4135 630 4191 nostri
646 4135 673 4189 in
686 4134 899 4190 damnationem
910 4136 1078 4209 mortisejus

254 4213 470 4273 consenserunt,
484 4212 512 4262 et
537 4207 737 4262 crucifixerunt
759 4222 836 4271 eum,
859 4207 983 4262 alleluia.
1008 4214 1077 4267 Ant.

253 4278 335 4332 lesus
347 4278 444 4348 junxit
466 4295 496 4332 se
511 4276 656 4348 discipulis
685 4276 743 4331 suis
776 4275 805 4330 in
822 4276 877 4343 via,
900 4285 928 4332 et
943 4278 1078 4334 ibatcum

254 4347 312 4403 illis
326 4349 417 4415 ;oculi
437 4364 536 4403 eorum
560 4349 731 4403 tenebantur
742 4362 777 4401 ne
803 4363 868 4402 eum
880 4355 1076 4429 agnoscerent,

1143 422 1287 492 discipulis
1298 422 1375 476 suis:
1391 421 1496 475 Atlante
1511 423 1546 474 de
1562 420 1683 490 piscibus
1698 438 1763 490 quos
1778 428 1924 493 prendidistis

1142 509 1226 547 nunc.
1242 492 1377 548 Ascendit
1396 497 1492 546 autem
1516 491 1614 545 Simon
1630 491 1734 546 Petrus.
1759 500 1784 548 et
1795 500 1868 551 traxit
1879 508 1924 558 rate

1142 564 1170 618 in
1182 570 1287 619 terram
1298 564 1412 634 plenum
1429 561 1541 633 maguis
1557 562 1688 631 piscibus,
1702 563 1925 627 alleluiaiusolus

1144 637 1308 706 peregrinus
1323 651 1361 696 es.
1377 639 1405 689 11
1420 650 1476 689 nou
1493 632 1596 687 audisti
1612 635 1647 687 dc
1659 634 1732 695 lesu,
1746 642 1872 704 quomodo
1884 647 1926 697 tra·
1976 664 1977 711 t

1143 708 1276 761 diderunl
1285 722 1350 760 eum
1365 706 1401 760 ad
1409 705 1627 759 damnationem
1640 704 1746 774 mortis,
1756 706 1864 762 alleluia.
1875 713 1924 768 lut.
1976 720 1977 741 1

1144 779 1177 831 Et
1193 794 1256 832 ecce
1270 778 1351 831 iesus
1371 777 1495 831 occurrit
1509 775 1573 839 illis,
1601 776 1715 829 dicens:
1730 780 1817 831 Arete.
1832 780 1879 834 illa
1891 800 1927 837 au·
1976 790 1977 793 ’

1143 852 1201 903 tem
1215 853 1407 913 accesserunt,
1418 852 1446 902 et
1456 851 1611 901 tenuerunt
1623 847 1707 915 pedes
1716 845 1783 917 ejus,
1798 849 1863 904 allel.
1873 855 1925 908 Ant.

1144 921 1219 974 Tunc
1234 919 1338 974 ailillls
1350 919 1431 973 lesus
1445 916 1555 972 :Nolite
1565 916 1676 981 timere,
1688 918 1809 973 nuntiate
1819 919 1926 979 iratribus

1143 990 1225 1051 meis,
1241 989 1367 1054 alleluia,
1382 994 1414 1044 ut
1427 987 1926 1059 1111111](111111111111111111111111111,
1976 1046 1977 1059 ,

1143 1061 1266 1116 alleluia.
1281 1062 1349 1116 Ant.
1364 1059 1493 1115 Surrexit
1504 1059 1580 1114 enim
1605 1059 1677 1113 sicut
1691 1058 1759 1113 dixit
1773 1061 1897 1131 Dominus,
1908 1070 1927 1119 et

1143 1134 1285 1203 praecedet
1301 1148 1350 1186 ros
1368 1131 1398 1185 in
1410 1129 1572 1193 Gallienam,
1588 1128 1712 1184 alleluia.
1729 1129 1834 1186 ibicum
1847 1133 1927 1189 videbi·
1976 1118 1977 1179 i

1143 1203 1189 1269 tis,
1203 1201 1328 1267 alleluia,
1343 1201 1468 1266 alleluia,
1484 1200 1606 1256 alleluia.
1620 1201 1689 1256 Ant.
1708 1201 1755 1263 lte,
1768 1203 1880 1259 nuntiate
1889 1204 1928 1260 lra-
1976 1240 1977 1249 .

1143 1274 1233 1329 tribus
1246 1273 1328 1337 meis,
1345 1279 1378 1327 ut
1390 1278 1458 1328 eant
1472 1272 1500 1326 in
1525 1272 1685 1327 Galilaeam.
1708 1271 1746 1325 lbi
1761 1288 1803 1327 me
1821 1274 1928 1331 ridebunt
1976 1290 1977 1337 t

1143 1344 1232 1412 allel,
1248 1344 1336 1409 allel,
1352 1344 1428 1399 allel.
1444 1342 1511 1397 Ant.
1535 1343 1615 1397 Mitte
1630 1358 1748 1397 manum
1766 1347 1847 1408 tuam,
1864 1350 1928 1401 etro

1142 1431 1245 1487 gnusce
1260 1416 1322 1470 loca
1337 1415 1493 1479 clavorum,
1506 1413 1631 1474 alleluia.
1644 1413 1737 1468 etuoli
1747 1430 1811 1477 esse,
1824 1421 1927 1485 utsupra.

1141 1487 1207 1541 Ant.
1224 1487 1285 1541 Misi
1297 1486 1400 1557 digitos
1415 1502 1505 1549 meos,
1519 1491 1549 1539 nt
1563 1501 1655 1555 snpra.
1668 1484 1734 1538 Ant.
1750 1485 1840 1540 Videte
1850 1503 1928 1541 manus
1976 1496 1977 1559 l

1142 1574 1232 1622 meas,
1244 1563 1273 1613 et
1285 1562 1370 1624 pedes
1385 1572 1476 1620 meos,
1490 1557 1558 1626 quia
1570 1556 1630 1626 ipse
1640 1572 1694 1625 ego
1706 1556 1861 1620 samaliel,
1871 1558 1927 1612 allel.
1976 1572 1977 1619 t

1141 1629 1220 1692 Ant,
1235 1629 1361 1684 Christus
1379 1627 1502 1683 surrexit
1515 1644 1532 1681 a
1545 1626 1677 1689 mortuis,
1690 1627 1748 1697 jam
1764 1627 1928 1689 noumoritur,
1976 1636 1977 1683 l

1103 1699 1266 1766 Balleluia.
1296 1701 1362 1754 Ant.
1390 1698 1537 1754 Euntesin
1558 1697 1928 1759 muudum,alleluia‚docete
1976 1696 1977 1783 l

1142 1787 1242 1826 omnes
1280 1776 1369 1834 entes,
1397 1769 1524 1825 alleluia.
1553 1773 1619 1823 Ant.
1637 1769 1707 1823 Ecce
1734 1785 1784 1838 ego
1814 1770 1928 1823 nobiscum

1142 1858 1215 1906 sum,
1230 1789 1355 1909 aliatum,
1371 1841 1505 1895 omnibus
1520 1840 1628 1905 diebus,
1644 1838 1768 1894 alleluia.
1782 1840 1842 1893 Ant.
1856 1842 1929 1894 Surre

1141 1911 1579 1981 1111111111,1111111110001110
1590 1926 1651 1974 suo,
1662 1909 1930 1965 alleluia.Ant.Cbris·

1141 1987 1186 2038 tus
1201 1984 1256 2047 via,
1280 1984 1385 2039 veritas
1402 1989 1430 2038 et
1451 1982 1519 2047 rita,
1536 1981 1630 2046 allel„
1644 1980 1724 2036 allel.
1741 1982 1806 2035 Ant.
1825 1982 1871 2052 Ego
1883 1997 1929 2035 sun

1141 2055 1196 2123 ria,
1211 2054 1314 2110 veritas
1329 2061 1357 2110 et
1372 2054 1439 2117 rita,
1454 2051 1543 2117 allel,
1557 2052 1635 2107 allel.
1651 2054 1722 2106 Ant.
1736 2052 1929 2106 Nonnecoruos

1140 2129 1217 2180 trum
1233 2127 1337 2180 ardeus
1359 2131 1420 2180 erat
1446 2124 1475 2177 in
1502 2123 1584 2178 nobis
1598 2124 1634 2178 de
1653 2123 1729 2185 lesu,
1749 2123 1819 2192 quod
1840 2138 1888 2176 nou
1902 2126 1929 2177 le·

1141 2212 1256 2251 nurmus
1271 2213 1336 2252 eum
1352 2196 1381 2250 in
1411 2195 1467 2260 via,
1479 2194 1603 2249 alleluia.
1618 2194 1687 2247 Ant.
1702 2198 1731 2248 ln
1744 2192 1929 2247 Galilaealesun

1141 2266 1281 2331 videbitis,
1297 2268 1369 2322 sicut
1397 2266 1469 2320 dixit
1487 2265 1575 2329 robis,
1593 2263 1720 2320 alleluia.
1745 2266 1807 2318 Ant.
1832 2262 1929 2318 Surrexit

1141 2339 1279 2393 Dominus
1302 2339 1337 2393 de
1358 2338 1498 2408 sepulcro,
1514 2335 1562 2406 qui
1577 2351 1628 2406 pro
1645 2336 1728 2390 nobis
1741 2334 1863 2404 pependit
1874 2334 1896 2388 in
1908 2333 1931 2386 li-

1160 2426 1206 2474 uo,
1223 2409 1348 2465 alleluia.
1363 2410 1432 2465 Ant.
1453 2407 1542 2463 ltiulta
1576 2407 1675 2461 uidem
1691 2411 1719 2461 et
1733 2406 1788 2460 alia
1800 2404 1871 2475 signa
1882 2404 1930 2458 lecit

1139 2424 1219 2536 iesus
1234 2480 1263 2535 in
1283 2483 1435 2550 conspectu
1456 2424 1659 2548 discipuiorum
1687 2493 1809 2541 suorum,
1831 2474 1929 2531 alleluia.

1139 2569 1201 2621 quae
1211 2568 1268 2607 non
1277 2556 1344 2606 sunt
1358 2550 1464 2620 scripta
1473 2550 1502 2604 in
1516 2549 1588 2603 libro
1604 2549 1670 2613 boc,
1683 2546 1803 2603 alleluia.
1812 2548 1867 2602 Ant.
1878 2546 1930 2600 tun

1139 2628 1213 2678 esset
1230 2639 1292 2679 sero
1308 2622 1353 2677 die
1368 2622 1427 2686 illo,
1444 2637 1501 2675 una
1522 2620 1727 2683 sabbatorum,
1740 2624 1767 2673 et
1780 2617 1847 2672 iores
1859 2618 1931 2671 essent

1138 2694 1253 2764 clausa,
1270 2694 1316 2749 ubi
1340 2698 1423 2747 erant
1448 2691 1577 2762 discipuli
1597 2689 1772 2762 congregati,
1792 2688 1930 2744 statillesus

1139 2781 1167 2820 rn
1182 2766 1287 2832 medio,
1303 2770 1332 2820 ct
1347 2764 1417 2818 dixit
1432 2763 1472 2819 eis
1487 2780 1540 2834 pax
1554 2761 1643 2818 tobis.
1661 2760 1790 2817 Alleluia.
1837 2796 1841 2809 .

1172 2836 1290 2906 (Desunt
1304 2844 1359 2891 tres
1373 2836 1450 2890 tinen
1464 2836 1493 2888 in
1505 2832 1571 2904 Ma.)

1380 2933 1415 2988 In
1428 2931 1534 2987 Pnscbo
1548 2939 1557 2963 ¹
1572 2931 1718 2985 annotina.

1172 3031 1243 3087 Aut.
1262 3030 1362 3093 Rahbi,
1383 3030 1488 3084 scimus
1507 3028 1574 3099 quia
1589 3044 1607 3082 a
1623 3031 1682 3083 Deo
1696 3025 1794 3082 venisti
1806 3023 1926 3093 magister.

1137 3102 1227 3156 Nemo
1243 3104 1336 3172 potest
1350 3101 1413 3155 haec
1427 3100 1507 3171 signe
1524 3099 1617 3153 lacere
1638 3098 1694 3153 nisi
1711 3096 1794 3153 luerit
1805 3096 1870 3150 Deus
1881 3107 1930 3171 cun

1137 3188 1180 3228 eo.
1201 3175 1270 3227 Ant.
1287 3172 1363 3227 Dixit
1375 3172 1457 3227 lesus
1471 3170 1629 3225 Nicodemo
1646 3190 1652 3227 :
1678 3173 1718 3225 Tu
1740 3185 1768 3223 es
1782 3167 1899 3237 magister
1910 3178 1930 3215 u

1136 3244 1232 3304 lsrael,
1247 3248 1276 3299 11
1288 3243 1346 3298 haec
1362 3240 1502 3313 ignoras?
1523 3241 1592 3312 quia
1607 3240 1667 3295 dixi
1683 3239 1774 3299 vobis,
1787 3240 1883 3320 oportet
1893 3248 1930 3286 ros

1137 3314 1214 3369 nasci
1226 3316 1330 3378 denuo,
1345 3314 1469 3370 alleluia.
1484 3315 1551 3367 Ant.
1564 3316 1656 3367 Demo
1669 3311 1829 3367 ascenditrn
1840 3306 1930 3383 coelunb

1136 3385 1190 3440 nisi
1203 3386 1252 3457 qui
1266 3388 1300 3441 dc
1313 3386 1384 3441 coelo
1400 3384 1555 3449 descendit,
1572 3382 1662 3438 Filius
1679 3381 1800 3437 hominis
1812 3379 1854 3450 qui
1866 3380 1930 3431 estro

1135 3458 1217 3527 01110,
1231 3456 1356 3513 alleluia.

1255 3555 1398 3611 Dominicu
1409 3554 1569 3626 primopost
1579 3553 1712 3608 Octavum
1727 3549 1836 3605 Pascite.

1171 3659 1232 3713 Ant.
1247 3658 1306 3727 Ego
1320 3674 1382 3712 sum
1396 3659 1494 3727 pastor
1507 3652 1601 3708 ovium
1617 3668 1624 3715 ;
1637 3666 1691 3722 ego
1702 3666 1766 3726 sum
1779 3648 1831 3709 ria,
1844 3646 1867 3700 et
1876 3655 1929 3695 reu·

1135 3732 1189 3793 tas,
1203 3730 1293 3800 792
1303 3746 1354 3802 ego
1368 3743 1430 3784 sum
1446 3732 1543 3796 pastor
1557 3724 1661 3781 bonus.
1678 3727 1707 3777 ct
1721 3733 1851 3792 cognosco
1860 3726 1928 3773 meas,

1135 3808 1163 3855 et
1176 3806 1351 3871 cognoscunt
1366 3817 1412 3854 me
1431 3813 1515 3865 mcae,
1533 3793 1621 3861 allel,
1639 3794 1716 3849 allel.
1738 3800 1797 3848 Ant.
1816 3790 1929 3842 nerana

1135 3872 1193 3926 rius
1208 3876 1295 3927 est...
1311 3879 1410 3927 caetero
1422 3870 1524 3922 desunt.
1542 3870 1610 3921 Ant.
1625 3865 1703 3919 Sicut
1716 3862 1792 3919 misit
1804 3876 1845 3915 me
1856 3857 1928 3913 Pater,

1135 3947 1225 4012 elego
1239 3959 1361 4013 agnosco
1378 3943 1510 4004 Patrem;
1526 3942 1553 3991 et
1567 3936 1699 3991 animam
1715 3948 1806 3990 meam
1819 3943 1883 4054 pono
1892 3937 1928 3993 pro

1135 4013 1233 4068 oribus
1253 4014 1334 4077 meis,
1357 4011 1482 4067 alleluia.
1499 4012 1570 4063 Ant.
1599 4007 1678 4061 Alias
1703 4005 1928 4064 evasurosque

1134 4100 1191 4139 non
1205 4090 1272 4139 sunt
1286 4101 1320 4139 ex
1333 4085 1386 4137 boc
1399 4082 1476 4137 01111.
1494 4081 1528 4134 Et
1538 4079 1600 4133 illas
1615 4083 1731 4148 oportet
1740 4094 1790 4155 mss¹
1800 4073 1928 4128 adducere:

1134 4160 1162 4210 et
1176 4172 1274 4211 vocem
1291 4170 1386 4211 meam
1399 4152 1527 4216 audient,
1542 4154 1570 4206 ct
1582 4149 1632 4204 liet
1645 4165 1736 4205 unum
1749 4143 1827 4208 01111,
1839 4146 1929 4196 atauus

1133 4231 1241 4298 pastor.

1399 4320 1544 4377 Dominicis
1562 4316 1691 4373 secunda.

255 4423 284 4475 el
296 4418 452 4489 increpavit
465 4435 513 4475 eos
528 4418 625 4473 dicens
641 4434 647 4473 :
665 4416 776 4473 Ostulti
791 4423 820 4472 et
839 4421 912 4473 tardr
928 4422 1024 4485 corde,
1041 4423 1078 4477 ad
1094 4421 1115 4479 D
1167 4424 1239 4478 Ant.
1249 4420 1389 4478 Modicum
1401 4424 1429 4476 et
1444 4434 1502 4474 non
1514 4417 1646 4472 ridebitis
1661 4430 1720 4479 mc,
1732 4402 1927 4468 dicitDomiuus

254 4491 429 4545 credendum
442 4491 471 4545 in
483 4489 526 4544 bis
541 4505 605 4560 quae
631 4488 717 4543 locuti
732 4490 899 4560 0101791
919 4493 1076 4562 prophetae,

255 4560 380 4616 alleluia.
392 4563 460 4616 Ant.
474 4562 585 4615 Ardens
600 4565 662 4615 erat
674 4576 723 4614 cor
735 4564 877 4629 nostrum,
901 4562 969 4617 dum
982 4562 1078 4634 loque·

254 4637 333 4687 retur
348 4631 428 4687 nobis
440 4632 469 4687 in
482 4632 536 4697 via,
550 4636 578 4686 et
590 4630 714 4701 aperiret
722 4630 803 4685 uobis
817 4631 983 4702 Scripturas,
1009 4633 1077 4689 alle·

253 4702 325 4758 luia.
339 4705 407 4758 Ant.
420 4706 545 4773 Surgeus
555 4705 651 4756 autem
662 4701 847 4772 maneprima
857 4699 1079 4775 Sabbati,appa-

252 4774 310 4829 ruit
324 4773 417 4844 primo
432 4773 526 4830 llariae
538 4772 721 4853 llagdalenae,
739 4773 773 4828 de
792 4789 849 4898 gua
877 4774 1001 4845 eiecerat
1013 4792 1077 4847 sep-

253 4849 312 4900 tem
328 4845 481 4912 daexuooia,
494 4844 619 4911 alleluia,
642 4842 767 4908 alleluia,
786 4842 910 4898 aleluia.
922 4848 990 4900 Ant.
1006 4850 1077 4902 Pras-

252 4918 354 4971 cedam
370 4933 419 4970 vos
432 4914 461 4969 in
473 4916 622 4971 Gulilaeam
640 4931 647 4980 ;
664 4913 701 4968 ibi
728 4930 774 4969 me
790 4914 920 4971 ridebitis
933 4916 1005 4971 sicut
1019 4917 1077 4972 dlxi

252 4988 340 5051 robis,
356 4985 480 5042 alleluia.
507 4989 576 5040 Ant.
606 4986 640 5039 Et
663 4984 793 5055 ingressi,
824 5002 881 5041 non
906 4986 1078 5043 invenerunt

251 5073 354 5128 corpus
366 5058 442 5121 lesu,
456 5056 580 5111 alleluia.
610 5057 676 5110 Ant.
707 5058 799 5121 Quem
821 5057 935 5181 guerris,
963 5059 1075 5123 mulier,

251 5127 377 5183 alleluia.
392 5129 541 5183 viventem
557 5144 620 5181 cum
643 5127 773 5191 mortuis,
799 5128 825 5181 al
839 5128 923 5183 eluta.
937 5129 1003 5183 Ant.
1015 5129 1077 5185 Noli

249 5200 329 5263 llere,
341 5199 441 5265 Maria,
453 5198 578 5259 alleluia,
605 5198 759 5252 resurrexit
784 5199 933 5268 Dominus,
950 5200 1075 5270 alleluia,

250 5270 377 5326 alleluia.
386 5272 455 5325 Ant.
467 5269 595 5325 Surrexit
609 5269 746 5332 Christus,
759 5273 787 5324 et
799 5269 893 5324 illuxit
911 5271 1014 5343 populo
1026 5289 1077 5327 suo

249 5358 335 5413 quem
362 5340 485 5397 redemit
517 5340 686 5411 sanguinem
712 5356 795 5394 suum
825 5341 973 5411 [sanguine
1000 5342 1076 5415 sual,

249 5412 375 5468 alleluia.
389 5414 462 5468 Ant.
478 5413 589 5466 Ardcns
599 5414 642 5465 est
653 5427 702 5464 cor
717 5426 825 5477 meum,
842 5412 971 5468 desidero
982 5413 1077 5470 videre

250 5482 406 5538 Dominum
423 5499 519 5538 meum
529 5498 645 5552 ;quasro
659 5486 687 5536 et
712 5497 770 5535 non
786 5481 900 5538 invenio
916 5483 961 5538 ubi
977 5500 1077 5554 posue·

250 5559 319 5609 runt
331 5569 408 5621 eum,
420 5552 544 5608 alleluia.
556 5551 623 5606 Ant.
636 5550 791 5607 Crucifixus
806 5557 960 5609 resurrexit
971 5571 988 5609 a
1001 5571 1077 5609 mor·

251 5622 317 5689 luis,
328 5623 452 5680 redemit
466 5639 529 5689 noa,
546 5621 671 5678 alleluia.
685 5627 748 5678 Ant.
766 5625 824 5694 Ego
839 5640 903 5679 sum
918 5623 983 5679 ritis
996 5641 1074 5695 vera,

1132 4493 1277 4551 etiterum
1294 4492 1438 4547 modicum
1458 4494 1488 4545 et
1500 4487 1630 4544 ridebitis
1645 4502 1704 4567 me,
1732 4483 1798 4555 quia
1820 4478 1882 4533 rado
1902 4468 1928 4524 ad

1131 4567 1254 4634 Patrem,
1275 4563 1363 4628 allel,
1386 4560 1461 4617 allel.
1479 4562 1550 4616 Ant.
1566 4560 1659 4614 Amen
1675 4558 1739 4611 drco
1757 4550 1840 4630 rubis,
1855 4545 1928 4620 ploti·

1131 4636 1197 4692 bitis
1214 4641 1241 4691 et
1256 4634 1361 4691 llebitis
1372 4650 1432 4697 vos,
1448 4632 1574 4687 mundus
1593 4632 1693 4685 autem
1736 4623 1855 4681 audebit.
1872 4615 1928 4669 lus

1130 4707 1194 4763 titia
1215 4711 1311 4763 vestra
1334 4709 1460 4760 vertetur
1475 4703 1504 4757 in
1519 4699 1667 4772 gaudium,
1685 4642 1733 4753 ali
1884 4752 1907 4765 ..

1131 4785 1221 4834 Amen
1233 4778 1295 4833 dico
1307 4776 1395 4837 robis,
1407 4775 1532 4829 mundus
1543 4772 1676 4843 plorabit,
1686 4774 1715 4824 et
1727 4758 1926 4846 vosugaudebrttst

1131 4854 1160 4906 et
1172 4849 1310 4921 gaudium
1329 4853 1452 4903 vestrum
1478 4842 1661 4900 nemotollet
1685 4857 1702 4894 a
1719 4840 1805 4899 robis,
1819 4828 1924 4912 allelmi·

1130 4922 1197 4976 Ant.
1214 4920 1339 4975 Tristitia
1354 4917 1482 4989 implevit
1496 4932 1545 4971 cor
1555 4918 1694 4975 restrum,
1706 4914 1734 4966 et
1747 4905 1872 4978 gaudium
1882 4910 1927 4948 tes·

1726 4697 1774 4763 el,
1791 4689 1860 4748 allel.
1874 4686 1926 4739 Ali·

1131 4998 1207 5046 trum
1219 4989 1393 5047 nemotollet
1408 5006 1425 5042 a
1440 4986 1529 5047 robis,
1542 4983 1627 5043 allel..
1645 4980 1724 5037 allel.
1741 4981 1840 5034 lterum
1851 4972 1926 5048 aulem

1131 5063 1232 5118 videbo
1251 5079 1309 5127 vos,
1325 5065 1354 5115 ct
1366 5058 1502 5130 gaudebit
1524 5072 1573 5111 cor
1594 5058 1746 5109 restrum:
1768 5052 1796 5104 et
1815 5040 1926 5116 gaudum

1130 5140 1257 5191 restrum
1272 5148 1356 5188 nemo
1372 5128 1453 5185 tollct
1467 5145 1484 5184 a
1497 5127 1586 5191 robis,
1598 5123 1729 5179 alleluia.

1414 5235 1553 5292 Douriniou
1572 5232 1668 5288 tertia.

1165 5340 1233 5396 Ant.
1248 5338 1327 5393 Vado
1342 5338 1457 5392 adeum
1472 5332 1518 5404 qui
1533 5330 1667 5386 misitme
1684 5324 1752 5393 ,sed
1765 5307 1926 5392 qurahoeclt·

1131 5416 1212 5468 cutus
1225 5427 1288 5466 sum
1304 5408 1394 5471 robis,
1407 5378 1927 5480 111011110111110111111011111111111111

1131 5483 1280 5538 inierint.
1299 5482 1355 5551 Ego
1366 5477 1514 5533 veritatem
1530 5473 1592 5527 dico
1606 5470 1697 5531 vobis,
1709 5450 1927 5535 1101111101111]1

1167 5551 1343 5607 evadam.Si
1352 5548 1493 5605 euimnon
1502 5521 1925 5607 1111110,Ρ1111111011011111111

1132 5570 1258 5681 iileluia.
1272 5622 1340 5679 Ant.
1356 5620 1387 5679 Si
1402 5619 1478 5678 enim
1491 5632 1550 5673 non
1563 5612 1704 5672 abiero...
1720 5608 1823 5665 Caetera
1834 5595 1923 5654 baal.

287 5779 298 5813 ⁸
316 5771 388 5846 Quid
402 5771 439 5830 sit
451 5772 560 5832 Pascha
573 5773 714 5846 annotina,
728 5778 819 5849 repete
831 5791 866 5833 cx
883 5779 949 5834 nota
960 5775 1013 5835 351
1024 5775 1059 5835 ad
1077 5774 1127 5837 lib.
1143 5774 1265 5845 Sanam,
