4022 6174
236 240 292 333 aar
387 264 392 283 ·
621 268 658 332 nr
679 269 710 336 s.
731 269 906 335 oarooan
926 268 1062 333 ararica
1082 230 1405 335 sacnansaroaou
1425 270 1545 336 nora.
1864 272 1916 336 an
1996 298 1997 303 κ

238 402 341 459 Sancte
352 397 480 467 Gerrasi,
990 418 1051 458 ora.
1074 406 1099 463 Α
1113 403 1155 457 ab
1171 402 1356 459 immunditia
1368 405 1462 460 cordis
1476 408 1505 461 et
1518 401 1655 474 corporis,
1667 402 1754 459 libem
1776 418 1848 468 enm,
1870 406 1918 460 Do·

237 475 340 530 Sancte
354 470 475 535 Protesi,
990 489 1053 533 ora.
1149 475 1239 532 mine.

238 545 342 599 Sancte
357 542 456 609 Cirice,
990 561 1053 603 ora.
1113 547 1135 600 A
1154 547 1264 601 cunctis
1279 546 1433 609 erroribus,
1446 547 1535 602 libera
1554 563 1631 603 enm.
1649 545 1778 603 Domine.

237 616 341 670 Sancte
352 614 438 677 Salvi,
989 631 1053 675 ora.
1113 618 1136 671 ll
1156 618 1275 673 vinculis
1290 619 1407 683 diaboli,
1424 618 1514 673 libera
1529 635 1606 680 eum,
1620 618 1750 673 Domine.

237 687 341 741 Sancte
354 683 465 749 Nazari,
990 703 1054 746 ora.
1113 690 1136 743 ll
1154 693 1294 760 potestate
1305 690 1501 753 tenebrarum,
1516 690 1603 745 libem
1616 705 1690 752 eum,
1708 685 1835 743 Domine.

237 758 340 812 Sancte
356 756 533 825 Sebastiano,
989 774 1054 817 ora.
1087 763 1090 767 ’
1113 761 1168 816 Per
1182 760 1431 815 annuntiationem
1451 766 1542 823 tuam,
1556 760 1727 821 libersenm,
1743 759 1869 816 homine.

237 828 341 884 Sancte
352 828 457 891 Nicaei,
991 845 1054 888 ora.
1113 832 1166 887 Per
1180 833 1337 887 adrentum
1347 836 1440 899 tunm,
1456 831 1544 886 libera
1555 848 1631 891 eum.
1646 830 1775 886 Domine.

237 899 326 1026 §45
348 901 453 955 Omnes
468 899 559 955 sancti
571 903 748 975 martyres·
962 905 1054 959 orate.
1115 904 1165 959 Per
1178 903 1404 958 incarnationem
1421 906 1512 967 tuam,
1528 902 1704 964 liberasum,
1717 899 1844 955 Domine.
1897 940 1902 950 .

259 978 341 1026 ancte
357 971 456 1036 Hilari,
990 988 1054 1030 ora.
1114 976 1167 1030 Per
1180 974 1360 1029 nativitatem
1376 978 1465 1035 lnam,
1482 974 1662 1037 liberarum,
1677 971 1807 1026 Domine.

237 1044 341 1098 Sancte
357 1042 487 1109 llartine,
990 1058 1053 1101 ora.
1116 1044 1611 1171 &kepercircumcisionemluam,
1622 1044 1789 1107 liberasum,
1800 1039 1920 1096 Domine.

237 1115 341 1169 Sancte
360 1113 516 1185 Sylrcster,
991 1131 1054 1172 ora.
1135 1135 1165 1173 cr
1180 1116 1389 1187 apparitionem
1402 1121 1491 1177 tuam,
1505 1116 1681 1175 liberasum,
1694 1114 1822 1170 Domine.

237 1186 341 1240 Sancte
352 1184 518 1255 Angustiae,
991 1201 1055 1244 ora.
1115 1188 1341 1259 perpessionem
1356 1192 1445 1249 tuam,
1462 1187 1551 1242 libera
1565 1204 1642 1254 eum,
1656 1185 1784 1241 Domine.

236 1256 340 1311 Sancte
359 1255 540 1328 Hieronyme,
991 1273 1055 1312 ora.
1114 1260 1166 1315 Per
1180 1276 1292 1314 crucem
1304 1263 1395 1326 tuam,
1413 1258 1588 1319 liberacnrn,
1605 1257 1735 1312 Domine.

237 1327 341 1381 Sancte
356 1328 467 1392 Dantur,
991 1344 1056 1386 ora.
1116 1331 1170 1385 Per
1182 1330 1419 1386 resurrectionem
1431 1334 1522 1394 tuam,
1534 1329 1621 1383 libera
1636 1345 1713 1391 eum,
1730 1324 1856 1381 Domine.

235 1397 339 1453 Sancte
353 1400 496 1465 Meuanas,
992 1414 1055 1456 ora.
1115 1404 1170 1458 Per
1185 1401 1381 1457 ascensionem
1397 1402 1588 1465 tnam,libera
1602 1416 1679 1463 eum,
1695 1396 1824 1452 Domine.
1996 1430 1997 1461 3

238 1471 342 1525 Sancte
356 1471 477 1524 vedaste
992 1486 1056 1527 ora.
1116 1475 1169 1529 Per
1178 1474 1335 1527 erlvenium
1345 1471 1610 1542 sanctiSpiritustni
1621 1487 1638 1525 a
1650 1472 1745 1529 Patre.
1761 1467 1847 1522 libera
1855 1481 1922 1522 eum.
1996 1502 1997 1505 =

236 1540 340 1596 Sancte
351 1543 476 1606 Anauon,
994 1556 1055 1597 ora.
1115 1546 1168 1599 Per
1181 1545 1335 1599 adventum
1349 1543 1446 1615 judicii
1458 1546 1510 1608 tui,
1527 1542 1615 1597 libera
1631 1558 1708 1603 euna,
1727 1538 1854 1594 llomine.

235 1613 339 1667 Sancte
355 1615 449 1676 Enseu,
993 1627 1056 1668 ora.
1119 1616 1172 1671 Per
1182 1614 1342 1670 doctrinam
1360 1619 1450 1677 tuam,
1466 1614 1554 1668 libera
1566 1629 1642 1668 cum.
1659 1611 1788 1666 Domine.

236 1684 338 1738 Sancte
353 1685 441 1747 Baro,
993 1699 1056 1741 ora.
1117 1687 1170 1742 Per
1186 1687 1318 1741 virtutem
1336 1691 1426 1747 tuam,
1438 1685 1614 1751 liberarum,
1631 1683 1762 1738 Domine.

237 1756 341 1811 Sancte
355 1754 503 1820 Cassiene,
993 1771 1057 1812 ora.
1080 1776 1103 1835 Β
1118 1761 1291 1821 Peccatores,
1306 1761 1334 1812 le
1348 1772 1494 1827 rogamus,
1513 1756 1580 1811 audi
1595 1772 1660 1811 nos.
1996 1812 1997 1819 ,

237 1827 340 1882 Sancte
354 1826 519 1892 Berenicae,
993 1841 1057 1883 ora.
1118 1829 1259 1900 Utpacem
1273 1833 1439 1909 perpetuam
1451 1828 1476 1881 ei
1487 1829 1586 1891 dones,
1601 1832 1628 1882 te
1639 1840 1785 1897 rogamus,
1798 1820 1859 1879 audi
1869 1837 1923 1904 nos:

236 1896 342 1952 Sancte
356 1896 454 1962 Paule,
993 1913 1058 1954 ora.
1117 1902 1155 1957 Ut
1168 1904 1418 1972 compunctionem
1430 1899 1523 1954 cordis
1535 1898 1560 1954 ei
1572 1899 1673 1961 dones,
1689 1893 1924 1968 irrogamus,aud1
1996 1916 1997 1919 ¹

237 1969 342 2024 Sancte
357 1968 472 2033 llntoni,
995 1984 1057 2024 ora.
1154 1989 1218 2029 nos.
1996 2024 1997 2033 ,

236 2040 481 2111 SancteGregori,
997 2055 1059 2096 ora.
1116 2036 1923 2114 Utlontemlacrymarumeidones,terogamnsaudinos.
1996 2036 1997 2103 J

238 2113 343 2167 Sancte
358 2109 468 2179 Eusebi,
994 2126 1058 2167 ora.
1118 2116 1155 2171 Ut
1166 2113 1353 2197 cogitationes
1370 2129 1472 2184 pravas
1487 2108 1824 2191 abeoauierredigueris,
1835 2111 1861 2162 te
1871 2123 1922 2177 rog.
1996 2118 1997 2187 ᾗ

185 2234 188 2239 Δ
237 2184 341 2237 Sancte
354 2182 468 2248 Ultane,
995 2198 1058 2239 ora.
1118 2186 1153 2242 Ut
1168 2185 1497 2254 illicitasroluptatesah
1512 2201 1545 2238 eo
1562 2183 1707 2238 abscidere
1720 2180 1893 2252 dignensis.
1996 2198 1997 2205 ¹

238 2252 343 2309 Sancte
355 2252 470 2317 lehari,
994 2269 1058 2310 ora.
1117 2257 1286 2329 Dtspatium
1298 2255 1483 2327 poenitentiae,
1498 2254 1521 2309 si
1537 2254 1597 2310 fieri
1613 2258 1719 2326 polest,
1733 2252 1757 2308 ei
1777 2252 1868 2316 dones,
1885 2252 1920 2328 te.
1996 2266 1997 2321 j

237 2325 340 2381 Sancte
356 2322 481 2390 llichari,
996 2340 1058 2382 ora.
1118 2331 1155 2386 Ut
1170 2327 1293 2401 gratiam
1309 2327 1400 2382 sancti
1417 2325 1538 2397 Spiritus
1549 2327 1627 2380 cordi
1638 2325 1715 2380 illius
1730 2322 1874 2379 infundere
1889 2320 1925 2373 dr·
1996 2328 1997 2371 l

239 2397 342 2451 Sancte
355 2394 441 2449 Goar.
995 2411 1058 2452 ora.
1152 2399 1258 2471 gnaris,
1276 2403 1303 2453 te
1318 2415 1464 2469 rogamus,
1478 2397 1545 2452 audi
1557 2415 1620 2453 nos.
1996 2446 1997 2451 ,

239 2467 344 2521 Sancte
357 2465 469 2533 Arseni,
995 2482 1058 2524 ora.
1118 2473 1154 2527 Ut
1169 2488 1260 2541 spem,
1277 2470 1362 2525 fidem
1376 2472 1404 2524 et
1416 2468 1585 2524 charitatem
1602 2467 1626 2523 ci
1639 2468 1739 2532 dones,
1753 2469 1780 2520 te
1795 2477 1923 2534 rogamus.
1996 2512 1997 2531 2

238 2539 342 2593 Sancte
356 2535 479 2604 Bertinc,
995 2554 1059 2595 ora.
1119 2544 1155 2600 Ut
1166 2542 1426 2597 murmurationem
1441 2545 1469 2595 et
1479 2538 1693 2610 impatientiam
1705 2537 1730 2592 ei
1741 2536 1873 2597 abscidas,
1887 2536 1921 2589 te.
1996 2584 1997 2595 ,

239 2609 346 2665 Omnes
358 2607 448 2664 sancti
464 2605 653 2675 confessores,
967 2615 1059 2666 orate.
1119 2612 1281 2696 Ulgratiam
1297 2617 1377 2667 tuam
1389 2611 1414 2666 ei
1430 2613 1584 2667 concedere
1598 2608 1736 2681 digneris,
1750 2614 1776 2662 te
1790 2621 1922 2677 rogamus.
1996 2612 1997 2655 ξ

239 2681 346 2735 Sancta
362 2679 503 2748 Felicitas,
524 2744 527 2751 y
995 2696 1060 2739 ora.
1118 2687 1192 2744 Utin
1209 2683 1342 2756 praesenti
1358 2682 1482 2755 periculo
1498 2683 1523 2738 ci
1538 2698 1669 2737 succurre
1683 2678 1844 2751 redigneris,
1856 2679 1892 2730 te.
1996 2722 1997 2731 ,

192 2794 194 2797 ,
240 2751 348 2807 Sancta
360 2754 508 2823 Perpetua,
997 2767 1060 2810 ore.
1119 2758 1155 2814 Ut
1169 2755 1291 2827 repellas
1304 2755 1340 2809 ab
1359 2771 1392 2809 eo
1408 2770 1508 2809 onrnes
1524 2753 1666 2825 principes
1689 2752 1872 2806 tenebrarum.
1887 2751 1921 2801 le·
1996 2780 1997 2783 ¹

240 2823 347 2878 Sancta
359 2821 483 2893 Agatha,
995 2834 1060 2881 ora.
1120 2830 1157 2884 Ut
1171 2830 1207 2882 ad
1220 2827 1324 2899 gaudia
1335 2834 1450 2881 oelernae
1460 2843 1525 2881 curn
1538 2820 1832 2896 perduceredigneris‚
1841 2824 1925 2887 hrog-
1996 2838 1997 2891 ,

240 2896 347 2950 Sancta
361 2896 466 2965 Agnes,
996 2909 1060 2951 ora.
1121 2902 1157 2957 Ut
1167 2916 1218 2954 nos
1231 2898 1367 2954 exaudire
1378 2896 1513 2968 digneris,
1529 2901 1556 2952 te
1572 2912 1720 2967 rogamus,
1736 2893 1800 2949 audi
1814 2907 1873 2946 nos.

241 2965 455 3028 SanctaLucia‚
997 2980 1060 3022 ore.
1119 2970 1172 3025 Fili
1188 2968 1249 3034 Dei,
1264 2973 1292 3024 te
1305 2985 1451 3040 rogamus,
1465 2966 1604 3023 audinus.
1857 3031 1863 3043 ¹
1996 3002 1997 3037 i

240 3036 345 3090 Sancta
357 3034 519 3105 Anastasia,
998 3052 1061 3093 ora.
1121 3045 1200 3115 Agna
1209 3040 1269 3106 Dei,
1285 3040 1333 3111 qui
1348 3039 1423 3094 tollis
1438 3044 1554 3111 peccata
1573 3037 1686 3104 mundi,
1706 3051 1789 3108 parce
1803 3032 1877 3089 nobis
1902 3030 1926 3083 et
1996 3044 1997 3107 J

242 3106 456 3172 Sancta'lecla,
997 3123 1061 3164 ora.
1157 3112 1214 3175 isli,
1230 3110 1363 3166 Domine.
1908 3168 1913 3181 ,
1996 3124 1997 3147 ¹

242 3179 349 3233 Sancta
363 3176 477 3243 Sarina,
999 3194 1060 3236 ora.
1122 3187 1202 3256 Agna
1218 3184 1277 3244 Dei,
1292 3182 1339 3253 qni
1357 3181 1431 3237 tollis
1446 3184 1562 3253 peccata
1576 3179 1690 3248 mundi,
1710 3178 1840 3234 miserere
1857 3171 1926 3231 noba
1996 3172 1997 3187 ¹

241 3251 347 3305 Sancta
361 3249 503 3313 Susanna,
998 3265 1062 3307 ora.
1158 3252 1400 3324 etisti,Domine.

241 3319 348 3376 Sancta
365 3319 518 3386 Christian,
998 3338 1062 3378 ora.
1122 3330 1201 3399 agne
1217 3325 1277 3391 Dei,
1291 3325 1337 3396 qui
1349 3324 1425 3380 tollis
1436 3329 1553 3396 peccata
1566 3322 1678 3390 mundi,
1694 3319 1803 3378 dimitte
1827 3315 1928 3390 pentalli

241 3390 485 3455 Sanclalustina,
999 3408 1062 3450 ora.
1157 3400 1229 3470 eJus,
1246 3397 1380 3452 Domine.
1911 3452 1916 3463 ,

242 3461 349 3517 Sancti
359 3462 483 3528 lulium,
999 3479 1063 3522 ora.
1123 3470 1243 3535 Christe,
1253 3468 1318 3523 audi
1332 3471 1454 3535 noster.
1467 3464 1551 3537 Kyrie
1561 3464 1681 3529 eleison,
1694 3471 1747 3522 ter.
1755 3460 1859 3519 Christe
1873 3454 1928 3513 eler-
1996 3498 1997 3535 ,

242 3535 350 3590 Sancta
363 3532 512 3598 Prae¹0disa
1000 3551 1063 3593 ora.
1158 3556 1220 3607 son,
1237 3547 1291 3597 ter.
1307 3538 1392 3611 llyrie
1405 3538 1523 3602 eleison,
1538 3545 1592 3594 ter.
1608 3537 1812 3593 paternoster.

242 3606 349 3662 Sancta
364 3605 468 3670 Prisca,
999 3622 1064 3665 ora.

242 3679 350 3733 Sancta
365 3675 513 3743 Columba,
999 3694 1064 3735 ora.
1460 3679 1605 3738 «Preces.

243 3749 348 3803 Sancta
364 3746 551 3811 Scholastica,
1000 3765 1064 3807 ora.
1996 3804 1997 3821 ,

243 3821 349 3876 Sancta
363 3820 401 3875 ltu
423 3817 500 3883 enin,
1000 3835 1064 3878 ora.
1124 3838 1139 3869 ι(
1154 3814 1270 3872 Salvum
1292 3813 1338 3870 iac
1352 3831 1466 3870 serrum
1482 3817 1573 3879 launa,
1592 3814 1667 3869 Deus
1678 3829 1769 3878 meus,
1783 3808 1928 3882 sperantem
1996 3826 1997 3847 i

244 3834 547 3963 SanctaAlricgondis,
1001 3906 1065 3949 ora.
1159 3887 1188 3944 in
1200 3891 1239 3943 le.
1996 3940 1997 3943 ,

243 3962 349 4017 Sancta
362 3961 519 4033 Gertrudis,
1001 3977 1065 4020 ora.
1124 3958 1262 4013 Dominus
1274 3961 1423 4013 conservet
1432 3974 1508 4021 eum,
1522 3959 1551 4012 et
1564 3956 1687 4012 viviticat
1703 3971 1779 4035 eum,
1791 3952 1927 4032 elbertum
1996 3964 1997 3969 ¹

244 4033 352 4089 Sancta
367 4032 497 4100 Eusebia,
1001 4048 1065 4090 ora.
1161 4028 1928 4093 iaciateumintcrra‚ctoontradateumrnanrrnam
1996 4028 1997 4079 l

246 4106 352 4160 Sancta
366 4103 540 4170 Godoberla,
1002 4120 1065 4161 ora.
1159 4100 1342 4156 inimieorum
1358 4103 1430 4172 ejus.
1883 4161 1888 4172 Ι

244 4177 350 4231 Sancta
364 4173 547 4246 amalberga,
1002 4191 1065 4233 ora.
1123 4173 1262 4228 Dominus
1276 4188 1359 4243 opem
1377 4172 1449 4227 ierat
1461 4169 1501 4225 illl
1517 4186 1601 4240 super
1613 4170 1718 4225 lectum
1746 4164 1846 4223 doloris
1866 4174 1927 4243 ejus,

246 4244 561 4327 Sanctaliadegundis,
1002 4262 1065 4304 ora.
1161 4244 1325 4300 universum
1351 4247 1474 4299 stratum
1509 4243 1571 4314 ejus
1596 4242 1720 4297 versarii
1732 4239 1759 4294 in
1781 4234 1929 4293 intlrmrlale
1996 4304 1997 4317 χ

246 4318 352 4373 Omnes
372 4322 461 4371 sancti
484 4315 519 4369 ab
543 4313 625 4371 initio
645 4313 746 4370 mundi
765 4314 910 4385 usquead
932 4332 1069 4388 praesens,
1160 4316 1235 4388 ejus.
1800 4380 1805 4390 ,

281 4390 362 4442 orate
376 4403 425 4457 pro
439 4386 522 4441 nobis
537 4390 565 4442 et
580 4403 630 4456 pro
644 4386 698 4441 hoc
713 4385 841 4442 inlisrno.
1087 4419 1111 4478 D
1124 4388 1229 4443 Perfice
1241 4403 1354 4459 gressus
1369 4383 1592 4450 illius,Dorninc,
1605 4382 1634 4438 in
1650 4382 1759 4439 seruilis
1768 4386 1831 4450 turs,
1841 4380 1870 4431 nt
1880 4386 1928 4429 non
1996 4422 1997 4443 ,

170 4508 173 4511 .
245 4456 389 4529 Propitius
401 4461 470 4522 esto,
488 4473 570 4580 parce
584 4457 705 4513 nobiset
719 4456 775 4523 isti,
790 4456 923 4515 Domine.
1161 4456 1553 4528 rnoveauturvesligiaesus.
1842 4519 1848 4531 ‚

185 4588 189 4595 ,
246 4528 387 4601 Propitius
400 4532 472 4593 esto,
503 4528 668 4592 iheraeum‚
689 4527 823 4586 Domine.
1125 4525 1929 4601 drigelistuismandadeilo,utcnst0diantenm1nom·
1996 4582 1997 4585 Ἴ

244 4602 287 4656 ΑΙ)
301 4599 381 4655 omni
393 4599 481 4666 malo,
494 4599 672 4664 liberasum,
688 4599 821 4657 Domine.
1161 4602 1244 4656 nibus
1259 4600 1311 4655 viis
1330 4602 1404 4671 ejus.
1889 4656 1894 4668 ,

246 4671 287 4727 hb
303 4671 384 4724 hoste
398 4669 485 4734 malo,
503 4669 593 4725 libera
605 4687 682 4737 eum,
700 4671 832 4728 Domine.
1125 4672 1203 4728 llitte
1227 4672 1262 4737 ci,
1281 4672 1412 4735 Domine,
1439 4669 1577 4725 auxilium
1598 4669 1633 4724 de
1648 4671 1757 4733 sancto,
1773 4667 1800 4721 et
1814 4663 1846 4718 de
1871 4661 1928 4715 Sion

246 4740 878 4810 Abinsidiisdiaboli,liberaeum,Domine.
1161 4748 1333 4799 tuereeom.
1801 4806 1805 4816 ι
1846 4802 1852 4813 ,
1894 4797 1899 4807 ,

245 4816 269 4869 Α
284 4812 410 4868 cruciatu
428 4817 456 4867 et
469 4821 561 4868 morte
581 4818 727 4885 perpetua,
741 4813 830 4870 libera
841 4831 918 4880 eum,
933 4815 1065 4874 Domine.
1124 4814 1200 4870 Nihil
1214 4812 1487 4886 proficiatinimicus
1500 4813 1615 4875 ineam,
1631 4816 1659 4866 et
1670 4809 1756 4864 Filius
1770 4803 1923 4876 iniquitatis.

14 4914 63 4945 μ
148 4910 155 4937 ‚¹
246 4883 347 4939 abira
363 4886 524 4950 tremenda,
541 4884 717 4943 liberaenm.
739 4887 870 4942 Domine.
1125 4886 1396 4956 Deliclajureutulis
1408 4886 1469 4957 ejus
1484 4890 1511 4939 et
1523 4881 1700 4955 ignorantias
1716 4882 1777 4951 ejus
1791 4894 1824 4931 ne
1840 4884 1927 4929 anenn-

245 4954 452 5026 erogitatione
466 4956 627 5025 immunda,
646 4955 737 5012 libera
748 4973 824 5022 eum,
838 4956 971 5016 Domine.
1124 4958 1210 5022 neris,
1228 4956 1358 5021 Domine,
1374 4955 1531 5012 secundum
1560 4970 1697 5025 magnam
1719 4942 1926 5006 misericordiam

245 5027 288 5082 Ab
300 5025 380 5082 omni
395 5026 555 5100 iniquitate,
567 5027 658 5085 libera
672 5044 748 5095 eum,
762 5030 896 5088 Domine.
1159 5033 1250 5085 tuam.

281 5149 334 5206 ·Io
346 5150 448 5206 litaniis
459 5152 494 5206 ad
508 5150 665 5223 ungendum
680 5151 827 5221 infirmum,
853 5170 915 5224 quer
939 5151 1071 5225 leguntur
1124 5150 1329 5207 observabatur.
1346 5150 1438 5223 Neque
1451 5154 1540 5205 tameo
1556 5148 1644 5205 sancti
1662 5141 1801 5223 Benedicti
1827 5147 1928 5193 eamme·

245 5219 273 5278 in
287 5221 387 5278 Codice
403 5224 518 5289 Gemel„
533 5228 595 5295 post
611 5240 705 5279 omnes
721 5231 830 5281 sanctos
855 5225 1002 5297 Martyres,
1033 5225 1070 5279 le·
1123 5223 1248 5290 moralia,
1258 5223 1339 5278 etiam
1358 5222 1386 5277 in
1403 5238 1507 5277 canone
1525 5221 1632 5285 Missae,
1645 5217 1739 5296 probat
1750 5216 1831 5269 libros
1845 5208 1928 5263 Sacra·

244 5292 1070 5366 gitur:SancteBeaerlioile,Sanctellcrliue,8anrtcllilu-
1123 5300 1275 5349 mentorum
1291 5294 1336 5349 ubi
1350 5292 1492 5365 reperitur,
1521 5293 1554 5347 ad
1581 5290 1768 5345 Benedictmos
1797 5275 1927 5336 monachos

14 5346 54 5443 7¹¹3.
150 5396 159 5401 -
244 5364 1070 5437 ri,Saacrospaasnr,sanctacraporasmuenama-
1123 5364 1297 5436 pertinuisse,
1322 5382 1382 5419 curn
1409 5364 1436 5419 in
1452 5364 1645 5418 vetustissimis
1673 5352 1861 5414 cathedralium
1892 5359 1928 5398 ⁰0·

243 5452 288 5502 nc,
305 5437 527 5508 sanctonicae,
546 5437 581 5507 (is
596 5436 648 5492 luit
670 5439 816 5509 episcopus
841 5435 1067 5504 Dorcestrensis,
1123 5435 1268 5490 elesiarnm
1284 5435 1362 5491 libris
1376 5435 1470 5490 eadem
1487 5436 1569 5489 etiarn
1583 5438 1717 5494 occurrat,
1739 5436 1767 5483 ut
1792 5424 1817 5479 in
1838 5428 1927 5497 canent

14 5506 89 5585 ζ
151 5526 157 5555 ;
242 5507 341 5564 Sancte
370 5509 498 5563 cutberto
527 5507 589 5580 (init
627 5509 774 5591 episeopus
813 5507 1067 5572 Lindisiaraensis,
1125 5506 1256 5563 Ecclesiae
1287 5507 1436 5563 illediolnn.
1462 5514 1526 5560 ante
1554 5523 1607 5560 aun
1635 5521 1676 5557 uc.
1698 5497 1857 5567 descriptor
1882 5500 1927 5542 ¹⁰¹⁰

242 5578 344 5634 Sancte
366 5579 483 5643 Eudora,
502 5577 600 5634 Sancte
626 5579 737 5649 Demipr,
763 5581 865 5636 Sancte
887 5578 1063 5636 Calaminae.
1123 5578 1206 5634 etiam
1223 5577 1249 5632 io
1267 5579 1339 5633 edito
1357 5577 1462 5632 blissali
1492 5594 1538 5643 per
1563 5582 1686 5631 sanctum
1717 5570 1836 5625 carolum
1855 5557 1927 5613 reior-

240 5647 491 5719 Exlocoquemin
511 5649 734 5704 boesanctorurn
759 5649 855 5706 ordine
882 5658 994 5704 sanctus
1020 5650 1069 5704 Ba·
1126 5654 1209 5705 malo.
1224 5650 1342 5706 Consule
1358 5647 1545 5705 hlabillonium
1566 5648 1593 5703 ln
1617 5644 1691 5725 praui.
1714 5640 1747 5699 ad
1775 5628 1925 5695 Sacranrent
1996 5698 1997 5707 ἵ

163 5740 164 5743 ¹
241 5718 611 5785 nerlictusobtinet,coostat
639 5719 746 5777 Gemet.
778 5720 907 5778 codicem
932 5719 1062 5794 scriptum
1120 5721 1361 5789 Gallic.,num.9.

242 5784 330 5845 tuisse
348 5806 397 5862 pro
420 5789 596 5866 monasterio,
620 5790 668 5848 uhi
692 5791 789 5867 regula
812 5791 901 5852 sancti
925 5792 1062 5851 Benedicti
