4068 6196
112 204 151 223 ¹¹·
221 202 277 267 ror
840 190 972 269 seueri
990 182 1163 257 camora
1183 188 1303 258 araur
1841 194 1889 264 ru
1976 172 1977 175 ‘

218 332 601 415 tuorumt'eraposueruut
612 328 1044 389 mortaliaserrorumtuorum.
1060 330 1085 392 Α
1102 327 1186 383 Psnt.
1199 325 1891 401 nouandarumgentesnesntnndtn.nomine,

220 424 308 497 712
324 423 425 492 Offert.
442 418 640 475 Exsultabuut
650 418 756 476 sancti.
769 417 939 475 AdComm.
951 417 1048 488 justo·
1102 415 1574 485 sanguinemserrorumtuorum.
1589 413 1894 477 Vars.Posuaruutmor·

1102 504 1183 561 talia.
1199 504 1262 560 nti.
1273 504 1371 560 Sanoti
1386 503 1439 569 tui,
1452 503 1585 560 Domine.
1597 503 1802 573 Offertnuima
1811 516 1895 569 nostra

1103 594 1187 651 siout.
1201 594 1250 649 Ad
1262 591 1340 650 Cone.
1357 596 1520 649 Posuerunt
1532 592 1676 650 mortalia.

219 511 422 570 rumanimre.

295 662 298 671 ¹
540 598 588 654 Ad
609 596 735 655 Missum.

257 686 379 758 Antiph.
394 685 461 741 Mihi
473 688 572 741 autem
579 686 666 741 nimis
676 683 813 741 honorati
821 682 983 740 suntamiai
992 680 1035 736 tui
1039 736 1048 765 ι
1319 682 1431 738 Natntu
1443 681 1542 739 suncti
1558 681 1709 739 Theodori.

221 772 1047 849 Deus‚nimiseontortatusestprincipatuseorum.Psot.
1140 770 1265 839 antipa.
1282 771 1315 829 ln
1333 769 1435 826 uirtute
1450 775 1510 839 tus,
1524 769 1658 836 Domine,
1685 770 1791 827 Psalm.
1817 772 1897 831 Vitam

223 868 359 934 Domine,
371 864 501 937 probasti
516 881 573 930 me,
592 871 621 920 et
635 864 800 936 cognovisti
821 869 917 930 me,tu
939 876 1050 931 cogno·
1104 859 1274 933 petiitdesp.
1284 859 1419 924 Domine,
1429 860 1606 931 pressanti.
1632 859 1809 917 tetaldum
1830 863 1898 934 petiit

224 953 845 1013 vistisessionemmeametresurreetionem
854 951 1047 1020 meamltnp.
1103 947 1897 1018 nuathnatusvir.efferantornetaouoreadcon.

224 1044 315 1103 Nimis
326 1043 462 1100 honorati
478 1042 703 1107 suntamicitni,
721 1045 809 1110 Deus,
826 1040 914 1096 nimis
933 1038 1049 1095 eonlor·
1103 1036 1242 1102 Posuisti,
1258 1036 1393 1093 Domine.
1977 1040 1978 1053 ³

224 1138 303 1191 tatus
317 1131 672 1203 estprincipatuseorum.
685 1129 763 1187 Vera.
775 1128 1047 1195 Dinumeraboeos,
1268 1125 1356 1199 713
1376 1125 1495 1182 Nutatts
1511 1124 1605 1182 saneti
1618 1125 1742 1183 Manna.

224 1230 252 1279 et
266 1234 484 1293 superarenam
495 1217 781 1292 multiplicabuntur.
795 1230 809 1260 ¹
823 1215 1047 1281 Attsanctitui,
1137 1214 1262 1282 Ansina.
1278 1215 1316 1271 Os
1326 1214 1400 1285 justi
1407 1213 1607 1271 meditabitur.
1619 1214 1699 1270 Prot.
1709 1213 1769 1269 Noli
1783 1230 1800 1270 a
1813 1214 1901 1272 malm·

224 1307 600 1378 Domine.0ff.laomnem
611 1306 1048 1368 terrnmexivitsonuseorum,
1103 1303 1134 1361 'tn
1164 1301 1410 1373 malignantibus.
1433 1301 1595 1371 inerrans.
1624 1302 1721 1358 Gloria
1745 1306 1773 1359 et
1797 1303 1901 1361 honore.
1979 1314 1980 1349 t

223 1405 251 1457 et
272 1400 303 1454 iu
330 1398 404 1455 fiaes
432 1395 511 1453 orbis
532 1402 614 1452 terroe
632 1397 725 1453 verba
750 1411 864 1451 eorum.
885 1394 964 1452 Vers.
982 1391 1050 1451 cati
1110 1393 1188 1449 Vera.
1201 1391 1499 1448 Dteoastituistieum.
1514 1392 1756 1448 Attlastusuoa
1771 1391 1902 1450 nutaba-

224 1484 493 1557 enarraatgloriam
501 1484 559 1550 Dei,
570 1489 696 1556 etopera
705 1498 851 1541 manuum
859 1482 924 1554 ejus
932 1497 1050 1538 annua·
1104 1478 1193 1536 bitur.
1207 1478 1264 1548 ΟΙῙ.
1280 1478 1464 1535 Dasiderium
1477 1476 1903 1551 animmejus.ddCorn.llagna

224 1576 279 1632 tiat
292 1572 582 1630 firmamentumdd.
599 1571 708 1629 Comm.
724 1573 783 1628 Vos
797 1570 849 1644 qui
873 1571 963 1628 secuti
979 1568 1051 1627 estis
1105 1573 1151 1626 est
1164 1567 1343 1639 gloriaejus.

224 1680 284 1729 me,
296 1662 435 1719 sedebitis
444 1661 638 1734 supersedeo,
650 1661 818 1734 judicantes
830 1659 990 1717 duodecim
1002 1658 1052 1715 tri·
1068 1679 1092 1743 ῃ
1224 1654 1242 1698 ¹¹
1256 1656 1365 1713 Eodem
1379 1655 1429 1714 are
1441 1656 1558 1713 Nuetn
1572 1653 1672 1712 sancti
1682 1654 1810 1712 Martini.
1980 1702 1981 1731 ᾧ

225 1752 284 1810 bus
303 1752 404 1808 lsrael.
421 1748 499 1805 Psat.
516 1755 548 1805 ut
567 1765 669 1817 supra
1141 1744 1261 1816 Antiati.
1278 1744 1448 1802 Sacerdotes
1463 1747 1515 1801 tui.
1531 1745 1608 1803 Prot.
1633 1745 1903 1809 ilementoDomiae,
1980 1758 1981 1775 ³

317 1841 388 1896 Καὶ.
399 1839 543 1895 Nouemb.
563 1838 684 1894 Natatrs
705 1837 803 1894 sancti
828 1837 962 1896 Caesarii.
1108 1836 1210 1893 David.
1222 1834 1413 1904 Resutnveui
1423 1834 1526 1891 David.
1541 1835 1618 1891 Vers.
1632 1831 1904 1890 umttnrofieiuntt.

263 1926 1054 1999 AntipttConiessioetpulohritudoinconspectuejus
1107 1925 1247 1998 Disposui
1259 1930 1485 1984 testamentum.
1500 1926 1557 1997 Off.
1576 1926 1678 1982 Inreni
1707 1925 1796 1981 David
1809 1940 1905 1981 senatu

228 2020 309 2095 Prot.
324 2017 445 2074 Caritate
458 2016 598 2073 Domino.
616 2015 812 2086 Damastes
822 2032 882 2074 non
897 2014 1055 2072 couturba-
1109 2031 1220 2075 meum.
1233 2014 1281 2071 Act
1292 2016 1369 2072 dom.
1385 2015 1517 2085 Domine,
1525 2016 1772 2089 quinquetnlentn
1785 2009 1907 2071 tradidisti

229 2105 1054 2179 bitur,quiaDominustirmataianamejus.Versouo-
1109 2103 1191 2161 mihi.
1981 2068 1982 2139 t

174 2252 179 2265 ,
228 2196 298 2254 tidie
312 2190 469 2252 miseretur
483 2196 511 2249 et
525 2192 706 2260 commodat,
721 2198 749 2249 et
763 2209 864 2251 semen
877 2194 941 2264 ejus
955 2193 985 2249 in
1003 2193 1055 2249 Be·

228 2286 395 2342 nediotioue
408 2281 499 2339 erit.b
514 2283 660 2352 Offertdn
670 2283 774 2339 virtute
784 2288 845 2349 tua,
862 2281 991 2339 Domine.
1012 2281 1056 2337 ld

229 2373 339 2430 Cenem.
357 2371 412 2438 Qui
428 2370 489 2426 vult
506 2385 601 2425 venire
614 2377 680 2441 post
691 2387 747 2427 me.
763 2371 842 2427 Pant.
857 2379 999 2441 utsupra.

399 2470 412 2503 ο
442 2459 550 2529 Viuitia
564 2461 696 2515 omnium
711 2467 893 2517 sanctorum.

264 2548 389 2621 nnrtpt.
406 2547 567 2604 dludieaut
577 2547 791 2620 sauatigentes.
802 2548 884 2606 Psoi„
896 2548 1053 2615 Exsultate,

226 2640 311 2717 iusti,
324 2637 356 2694 in
372 2636 511 2693 Domino.
536 2637 609 2692 Vera.
622 2635 772 2693 Gloriosus
784 2640 874 2697 Deus.
893 2638 970 2695 Vera.
980 2638 1054 2693 Dex-

228 2732 291 2787 tera
306 2733 365 2791 tua,
381 2723 517 2781 Domine.
531 2725 634 2795 Osiert.
651 2724 843 2781 Exsultabuat
853 2726 981 2782 sanetiin
991 2724 1054 2795 glo·

228 2815 274 2873 ria
288 2815 335 2871 nd
346 2816 426 2871 Corn.
443 2813 513 2869 Dico
529 2819 629 2869 autem
645 2811 730 2869 vobis
745 2812 850 2869 amieis
862 2813 946 2880 meis,
958 2817 1056 2870 nemr-

229 2901 356 2962 reamini
371 2902 469 2959 abhis
483 2899 535 2975 qui
550 2917 603 2956 vos
617 2906 847 2974 persequuntur.

495 2990 530 3044 lu
549 2990 596 3046 die
610 2990 651 3044 ad
664 2989 796 3047 Missam.

231 3167 1057 3240 stumcelebrantessubhonoresanctorumomnium;‹·e

230 3276 356 3335 quorum
376 3258 562 3314 solemnitate
578 3258 707 3328 gaudent
716 3258 828 3328 angeli,
838 3263 867 3314 et
885 3259 1058 3315 collaudant

1320 2191 1442 2250 Notatis
1456 2194 1708 2252 nanciscentur.

1144 2279 1266 2349 dntinn.
1278 2279 1728 2353 Loquebardetestimoaiistuis
1738 2281 1908 2351 ineonsaeotu

1108 2386 1224 2441 regum,
1241 2367 1908 2437 elnoneoniundebar30tmeditabarinmanda·

1110 2459 1146 2516 tis
1157 2460 1224 2523 tuis,
1237 2474 1304 2531 quie
1318 2457 1408 2516 dilexi
1420 2458 1609 2518 nimis.Psat.
1623 2463 1704 2518 Beati
1718 2455 1909 2517 immaculetiin

1109 2549 1157 2604 nia
1174 2547 1257 2616 Dese.
1273 2546 1359 2615 Audi,
1379 2547 1450 2614 lilia,
1472 2554 1502 2605 et
1528 2548 1607 2606 vide.
1635 2551 1716 2608 Vers.
1747 2549 1841 2620 Specie
1861 2551 1908 2600 tua.

1109 2634 1911 2706 ¹Offttfferenturregivirgines.AdCom.Conlundautur

1110 2723 1241 2796 superbi,
1256 2722 1329 2794 quia
1340 2724 1449 2794 injuste
1460 2725 1648 2797 iniquitatem
1666 2728 1797 2783 ieoerunt
1808 2725 1835 2779 iu
1852 2736 1891 2777 me
1903 2737 1909 2788 ;

1110 2827 1166 2884 ego
1180 2818 1280 2868 autem
1294 2812 1322 2867 ia
1331 2810 1824 2871 mandatistaisexeereeborintuis
1840 2808 1910 2881 justi·

1110 2900 1310 2965 unionibus,
1327 2905 1428 2956 utnon
1439 2900 1620 2960 confundar.
1630 2903 1783 2961 ltematta:
1801 2898 1911 2968 Feaitju-

1111 2990 1223 3046 dicium
1238 2995 1267 3046 et
1283 2989 1424 3060 J'ustitiam
1449 2989 1602 3059 3Domine,
1632 3008 1693 3049 aon
1718 2989 1912 3048 calumnientur
1982 3014 1984 3031 .

268 3079 391 3150 Antiptt.
409 3078 734 3136 Gaudeamusomuesi
750 3114 754 3131 .
772 3079 909 3145 Domino,
923 3079 1001 3136 diem
1017 3078 1058 3136 le·
1111 3078 1184 3136 mihi
1198 3076 1334 3149 superbi3
1355 3078 1392 3133 ad
1405 3078 1510 3135 omnia
1529 3081 1676 3137 mandata
1697 3089 1747 3137 tua
1773 3075 1911 3147 dirigebar,

1112 3183 1231 3225 omnem
1242 3168 1320 3224 viam
1330 3166 1492 3240 iniquitatis
1507 3167 1576 3224 odio
1591 3169 1699 3226 hebai.

1316 3256 1428 3313 Natatis
1442 3256 1537 3313 saneti
1550 3257 1720 3315 Clementis.

230 3347 490 3406 filiumDei.Psat.
508 3356 519 3388 ⁸
536 3345 1056 3416 ExsultatejustiinDomino,reetos
1147 3345 1304 3417 mantiae.
1316 3345 1390 3402 Dicit
1415 3346 1626 3405 nominuszsr
1653 3349 1723 3422 quis
1740 3344 1913 3404 testiinonium
1984 3346 1985 3409 j

230 3434 516 3495 deeetcollaudatio.
534 3436 621 3504 Hesp.
637 3435 746 3491 Timete
764 3433 935 3501 Dominum,
951 3451 1057 3493 omnes
1111 3436 1494 3495 meumserveverit.Psnt.
1521 3437 1739 3495 ldiserieordias
1768 3433 1873 3494 Domini
1890 3432 1915 3487 in

231 3527 320 3585 sancti
335 3526 397 3598 ejus
422 3524 567 3597 quoniam
588 3522 661 3579 nihil
676 3522 759 3579 deest
782 3524 952 3581 timentibus
969 3541 1053 3583 eum.
1112 3532 1257 3584 aeternum
1277 3524 1415 3581 unumne.
1443 3526 1526 3595 nep.
1541 3525 1658 3582 iuravit
1685 3524 1833 3582 Dominus.
1850 3522 1913 3576 vers.

233 3614 308 3674 Vers.
321 3614 505 3685 {aquirentes
525 3618 624 3669 auteur
645 3612 815 3679 Dominum,
836 3628 896 3670 non
919 3613 1058 3671 deficient
1114 3615 1192 3671 Dixit
1205 3614 1345 3670 Dominus
1365 3613 1492 3670 Domino
1509 3629 1589 3671 meo.
1605 3614 1693 3672 Arte
1709 3610 1850 3687 Disposui.
1868 3604 1914 3675 Off·

231 3703 313 3781 omni
329 3703 417 3758 hono.
429 3700 491 3757 nrt.
504 3699 515 3742 t
524 3699 595 3771 justi
613 3697 775 3770 epulentur,
793 3704 823 3757 et
857 3701 1006 3759 exsultent
1025 3702 1058 3759 in
1114 3704 1227 3761 Veritas
1239 3719 1307 3760 mea
1317 3708 1347 3758 et
1360 3702 1565 3761 misericordia
1580 3720 1650 3761 mea
1660 3704 1716 3760 Ad.
1733 3704 1808 3759 Gom.
1827 3701 1915 3755 ussus

231 3797 391 3864 aonspeotu
402 3788 463 3853 Dei,
480 3787 739 3847 etdeleateuturia
749 3788 860 3845 letitia.
876 3790 964 3862 8011.
981 3792 1058 3848 Deus
1115 3809 1225 3850 servus.
1239 3792 1310 3849 item
1321 3790 1404 3849 utta:
1419 3791 1553 3858 Domine,
1568 3793 1701 3865 quinque
1718 3791 1829 3849 talenta.
1845 3782 1915 3844 Pru.

231 3880 263 3937 in
276 3880 466 3937 sanctissuis.
484 3877 533 3934 dd
545 3876 628 3934 Com.
639 3876 782 3943 Gaudete,
789 3878 861 3949 justi
873 3880 903 3935 in
919 3882 1056 3938 Domino.
1114 3885 1262 3952 utsupra.

285 3985 304 4026 v
323 3968 394 4024 latus
405 3967 478 4024 Nou.
494 3966 613 4023 Natalis
633 3973 760 4038 quotuor
775 3968 1004 4026 Coronatorurn.
1273 3970 1392 4029 Natalis
1404 3970 1503 4027 sancti
1517 3970 1717 4042 Chrysoyont.

267 4057 485 4130 Antipt.latret
499 4057 695 4129 incomperta
703 4066 762 4122 tuo,
773 4056 908 4126 Domine,
919 4058 1058 4130 gemitus.
1150 4061 1274 4132 Antion.
1289 4059 1449 4118 letabitur
1465 4059 1576 4132 jastus.
1589 4060 1703 4117 Psntna
1715 4056 1832 4116 Exaudi.
1843 4054 1915 4114 near.

267 4182 362 4240 tibid.
376 4200 383 4238 ε
397 4182 483 4238 Attet.
502 4180 594 4237 Nimis
604 4180 733 4236 honorati
745 4187 823 4237 sunt.

267 4255 326 4309 ¹>ln
341 4253 436 4310 eodem
452 4255 502 4309 lis.
523 4257 585 4308 ante
605 4252 699 4321 Offert.
724 4253 899 4323 assignatur:
919 4253 1003 4310 Atnt.
1016 4257 1058 4310 tn·

1115 4187 1195 4244 Attet.
1211 4186 1351 4257 Disposui.
1370 4183 1467 4253 offert.
1491 4184 1584 4241 diaria
1603 4184 1751 4241 ethonore.
1768 4182 1796 4238 ln
1809 4175 1916 4257 Theod:

1115 4260 1195 4328 neap.
1220 4256 1327 4321 Inueni,
1348 4262 1376 4312 ut
1391 4274 1419 4309 ra
1434 4258 1597 4327 compend,
1612 4261 1752 4311 coierant
1766 4257 1792 4309 ia
1805 4252 1917 4323 vulgatu.

230 4327 296 4382 veni
319 4325 413 4381 David.
448 4324 480 4378 Et
508 4330 569 4394 post
592 4323 681 4379 offert.
706 4323 871 4381 duoversus
895 4333 1058 4398 sequnntur,
1152 4326 1460 4452 *Nequehoatotiiod
1471 4327 1692 4394 habetBtaudin,
1706 4327 1784 4390 Cori..
1802 4328 1841 4378 est
1859 4318 1918 4374 enin

235 4396 323 4456 Vitam
337 4398 419 4464 petiit
436 4401 463 4449 et
477 4394 517 4449 lla
539 4411 575 4448 na
599 4398 648 4449 est.

267 4468 359 4523 citer
373 4482 481 4537 quoque
496 4411 587 4520 officia
610 4465 664 4545 duo
697 4465 840 4538 sequentia
864 4472 909 4522 tan
933 4483 995 4522 uam
1019 4484 1061 4523 re-

232 4538 354 4666 frenum
366 4537 508 4608 Gregorio,
528 4542 772 4610 praetermittuntur
785 4540 813 4591 ia
841 4484 969 4597 uraugia.
992 4538 1057 4595 dod.

253 4626 335 4666 suaa.

269 4681 283 4723 d
300 4682 330 4736 ln
346 4678 493 4752 Compend.
511 4693 518 4733 :
534 4679 603 4734 Ant.
615 4678 958 4749 Sapientiamsanetorum,
972 4687 1002 4736 ut
1015 4698 1060 4738 su·

233 4768 292 4826 pra.
313 4752 393 4819 Rern.
410 4751 505 4807 limite
516 4750 621 4805 Domin.
650 4751 722 4804 Vm.
737 4749 922 4821 inquirentes.
938 4751 996 4809 nu.
1007 4754 1060 4812 Ju-

233 4826 271 4880 ett'
282 4824 436 4894 eputentur.
452 4821 497 4876 nu
512 4824 586 4877 Com.
602 4820 744 4875 tartarum
762 4822 874 4878 anima.

270 4905 283 4937 ⁶
299 4897 327 4950 lu
337 4896 403 4950 Cod.
417 4893 568 4966 Compend.
584 4908 591 4948 ε
616 4893 690 4948 Psoi.
718 4893 872 4949 Eructavit.
899 4895 981 4967 Rern.
997 4895 1059 4953 ato·

234 4968 333 5023 rtosus.
355 4967 431 5023 Vera.
446 4966 561 5023 Dextera
576 4968 635 5027 trra,
648 4963 769 5019 Domine.

272 5035 377 5093 sabea
390 5055 407 5093 a
422 5045 514 5092 austro
526 5034 596 5096 Cod.
613 5051 621 5089 :
639 5034 792 5106 Compend.

272 5109 383 5165 sotira
398 5109 553 5174 tutamini,
578 5123 639 5160 oum
659 5105 760 5162 Verat
782 5106 860 5161 Beati
881 5124 1008 5179 onnam,
1031 5112 1058 5165 et

235 5179 317 5238 Vere.
332 5186 358 5235 2.
376 5181 465 5236 Proto
477 5196 535 5234 aar.
556 5177 718 5250 assignatur
741 5178 767 5232 in
800 5179 949 5250 Carmpend.

272 5252 332 5306 hta
356 5250 473 5323 Cornu:
494 5250 554 5306 aa.
567 5248 662 5304 Sancti
684 5251 736 5306 tui.
758 5249 885 5318 offertor.
924 5252 1054 5316 Posuisti,

236 5322 359 5389 Domine,
374 5326 404 5378 in
427 5338 498 5390 ron,
528 5328 666 5386 etc.,cuai
693 5319 824 5376 uersibus
851 5324 1019 5379 Desideria„
1031 5330 1059 5379 et

236 5396 334 5465 Itouna
345 5400 395 5452 eat.
412 5394 441 5449 lu
461 5392 563 5447 Thead.
584 5393 676 5448 omnia
688 5392 758 5446 utin
780 5393 903 5465 Vulgatis
922 5402 1060 5452 annotan-

237 5472 291 5534 tur,
307 5472 404 5538 praeter
413 5464 535 5520 Alleluia
547 5463 648 5519 Beatus
661 5479 768 5520 seruus.

274 5537 326 5594 ¹ln
337 5534 487 5612 compend.
503 5535 718 5610 insanierant.
743 5534 822 5593 Vers.
839 5534 916 5593 uun
925 5536 1060 5611 profluet.

1077 4400 1100 4460 D
1117 4398 1299 4456 Gallicanum.
1313 4401 1417 4454 Passa

1456 4414 1489 4453 oc
1501 4399 1592 4455 natale
1604 4406 1647 4455 est
1661 4399 1690 4454 in
1710 4394 1864 4468 compend,
1881 4385 1920 4444 sed

1117 4472 1254 4527 divorsum
1269 4468 1399 4531 osticium,
1414 4469 1494 4525 seit:
1515 4468 1633 4542 Antiptt.
1663 4471 1781 4527 Statuit.
1806 4460 1920 4521 antu

1115 4542 1349 4599 surrentinae
1371 4541 1421 4598 ‚Os
1431 4541 1504 4610 justi
1517 4542 1616 4598 mestit.
1636 4539 1724 4595 nint.
1745 4536 1827 4609 dteott
1841 4532 1919 4613 teiloy

1116 4615 1220 4669 mirans.
1241 4612 1334 4683 offert.
1350 4559 1453 4668 enitar
1466 4628 1537 4668 mea.
1551 4612 1621 4667 itam
1636 4610 1868 4692 Offerntlortinus
1879 4617 1920 4682 rat·

1116 4689 1164 4740 tar
1178 4685 1282 4739 ubuum
1296 4699 1377 4738 suum
1392 4684 1470 4755 torrae
1481 4685 1705 4755 anteproesctuit3
1714 4676 1919 4751 deestquefratrt·

1116 4742 1919 4826 uardnsotuu'onemcorporisrutimmsnere,qnnjnaintst

1115 4844 1145 4953 ἓν
1154 4827 1216 4953 jorn
1226 4828 1337 4952 resotlut.
1360 4827 1432 4947 Vn?
1444 4832 1470 4883 t.
1486 4826 1638 4952 Opfflntas
1651 4825 1738 4880 tuctus
1748 4835 1870 4879 omniurn.
1879 4815 1920 4870 flu

1136 4915 1202 4954 esua
1243 4915 1285 4953 res
1309 4913 1389 4952 inere.
1416 4913 1485 4954 arn.
1551 4911 1718 4952 errseruus.

1153 4971 1160 5006 ¹
1180 4969 1209 5024 ln
1233 4968 1383 5041 compend.
1401 4985 1408 5024 :
1425 4967 1509 5026 arnt.
1534 4967 1722 5023 nudarentur.
1747 4965 1776 5020 Iu
1804 4952 1919 5016 rant:

1115 5039 1200 5097 atat.
1216 5040 1308 5111 Salacia
1323 5044 1380 5094 tua.

1153 5121 1173 5148 ¹¹¹
1189 5110 1433 5182 tlompeadnrlnt.
1452 5110 1524 5164 nnn
1550 5108 1690 5169 Dominus,
1714 5119 1843 5162 sermones
1867 5109 1920 5179 enti

1115 5184 1178 5240 ‹tedi
1193 5185 1221 5238 in
1236 5199 1265 5238 os
1280 5187 1366 5245 taum,
1383 5198 1437 5237 nor
1452 5181 1578 5252 defirtent
1591 5181 1623 5236 de
1633 5196 1677 5236 ore
1691 5187 1752 5245 tao;
1774 5177 1844 5232 alni
1860 5182 1920 5243 enin

1116 5270 1213 5312 nornen
1223 5264 1313 5322 tuum,
1327 5262 1352 5311 et
1366 5269 1481 5309 munera
1494 5258 1542 5308 tna
1554 5258 1664 5324 accentu
1675 5242 1921 5318 ernntsnaerattao

1115 5343 1186 5383 meo.

1154 5408 1166 5432 ¹
1182 5395 1330 5469 compend.
1344 5412 1351 5452 ε
1365 5395 1422 5452 Au.
1442 5394 1544 5452 Inveni
1558 5395 1643 5451 Dauid
1652 5389 1820 5452 Conveniunt
1832 5377 1921 5469 theod·

1117 5484 1179 5525 aun
1195 5468 1290 5537 lidius,
1302 5474 1421 5526 suamea
1435 5483 1484 5542 pro
1499 5467 1575 5528 Psnl.
1587 5462 1781 5526 Misericordiae
1797 5451 1923 5528 ungunt

1117 5540 1234 5599 Domine
1245 5538 1359 5602 exaudi.
