4062 6180
256 302 316 365 iai
634 294 672 358 iii
691 295 723 358 s.
745 250 919 361 amaena
937 293 1076 357 iieiiuii
1096 272 1421 359 aiuainariioauii
1441 258 1561 359 noun.
1874 317 1921 379 ,Μ

256 435 361 490 irionem
374 435 521 495 meatur,
537 430 617 487 deest
631 427 844 490 storatianum.
860 427 961 483 Postea
986 427 1076 483 udde:
1097 430 1118 491 b
1135 428 1201 483 Post
1213 430 1242 480 τὸ
1255 429 1393 500 captiuam
1405 430 1478 485 adde
1491 428 1591 497 fucrit.
1606 429 1687 498 Apud
1700 432 1878 499 Barchardum
1891 447 1924 504 le.
1988 436 1989 443 ’

257 505 384 587 ιιιιιιιιιιιι
403 519 587 585 commuuione
609 503 727 573 quinque
744 516 828 559 annas
853 499 1078 582 pei-acacianarit,
1133 498 1210 583 gitur
1222 501 1273 555 :Et
1287 502 1336 571 qui
1351 501 1507 582 iirpteucrit,
1523 501 1663 570 quaternis
1676 502 1762 559 diebus
1775 526 1843 567 niam
1857 520 1926 588 nepti.
1988 496 1989 543 3

255 577 397 633 οιιιιιιιιιιιι
413 581 451 629 ιιι
463 580 609 645 particeps.
625 573 680 628 Pro
699 588 805 636 eorum,
832 570 893 643 lege
921 586 987 635 eiua.
1013 572 1079 625 llaec
1133 571 1359 639 qratiamsataat.
1375 572 1467 627 liaeo·
1482 572 1812 644 istorumierhoriim‚lit
1826 586 1926 643 inventa
1988 584 1989 599 ¹

254 648 351 713 rerba,
367 647 540 702 lacessantur
552 646 588 700 ad
598 643 767 716 peccandum,
777 643 949 698 redundant,
959 640 1008 696 llis
1019 655 1080 695 ier·
1134 647 1180 696 tur
1191 640 1306 712 aliquid,
1323 644 1399 713 apud
1411 643 1606 698 burchardum
1614 641 1715 711 legitur
1726 647 1758 702 Ut
1770 666 1818 705 nou
1825 656 1927 716 maenia.

255 715 853 796 bis‚Siibjaceant,adda‚etcornruuaiuuem
877 729 990 793 precium
1018 728 1079 767 coii-
1135 717 1190 793 tur.
1215 713 1293 769 Prior
1317 713 1400 797 lectio
1427 713 1588 795 potinrcst,
1611 714 1677 784 quia
1699 718 1849 797 declaratur
1871 733 1927 799 qnid
1988 722 1989 727 ’

254 794 411 861 amnentur.
427 790 471 844 nu
486 788 544 844 hec
556 788 652 851 verba,
665 802 794 859 quinque,
807 785 927 840 subaudi
949 799 1043 838 annos.
1134 781 1296 839 laciendum
1313 790 1359 847 sit,
1372 801 1437 840 cum
1455 786 1562 855 aliquid
1578 784 1613 840 de
1638 787 1771 844 sacrificio
1790 791 1915 857 invenitm
1988 808 1989 843 3

291 863 359 932 Cap.
374 859 402 925 8,
419 860 480 916 haec
492 856 669 928 constitutio,
685 858 832 928 Episcopus
843 855 945 925 fauens
961 853 1081 925 torniaa·
1133 854 1170 908 ιιι
1184 853 1245 910 liaeo
1261 859 1356 920 rerba,
1372 858 1410 910 Et
1422 857 1448 910 si
1460 857 1596 910 inventurn
1612 856 1708 925 [uuit.
1731 860 1808 917 aliter
1816 866 1929 938 leguntur

255 932 364 997 tunam,
380 937 446 996 eto,
458 932 654 987 habetnrean.
670 928 704 983 th
717 927 932 998 apostolorum,
954 929 983 980 et
1003 925 1080 995 apud
1133 926 1209 995 apud
1224 926 1417 982 burchardum
1431 925 1479 981 :Si
1490 943 1554 983 aero
1567 927 1730 997 semitutum
1746 935 1870 994 inuentum
1882 944 1929 1012 sip.

254 1003 464 1071 Bernhardum,
475 1001 523 1058 lib.
536 1017 676 1071 riii‚cap.
689 995 980 1067 :inuesinenter
991 994 1080 1051 Theo·
1133 997 1184 1060 rit,
1194 997 1265 1053 locus
1277 997 1557 1069 cmpismuudetur,et
1570 1005 1704 1063 eramen,
1717 1009 1746 1055 ut
1765 1021 1850 1075 cupra,
1871 1015 1931 1080 ipae.

255 1074 328 1130 dori.
341 1074 397 1130 Sed
412 1074 555 1139 hicloeus,
570 1071 690 1127 Praelata
700 1069 896 1125 antemanacbi
907 1072 1008 1133 auum,
1019 1082 1080 1122 cor·
1133 1074 1191 1130 tur,
1206 1075 1231 1123 et
1243 1069 1323 1133 ciuis,
1339 1074 1362 1123 et
1377 1085 1471 1140 supra,
1487 1068 1661 1131 recondatur,
1683 1079 1707 1124 ct
1716 1071 1835 1132 Sacerdos
1845 1081 1931 1151 ulpian·

254 1141 903 1287 ruptusest,etsielegendumestexeodem
922 1137 1078 1264 ‘anniten-
1132 1137 1328 1265 {liespsianlqtteat²
1334 1140 1403 1223 julii
1416 1141 1653 1265 legenldumjani
1666 1141 1752 1197 detur.
1768 1147 1842 1210 Quod
1854 1157 1932 1224 sequi·
1988 1146 1989 1157 ¹

252 1288 300 1344 abi
311 1296 378 1352 uoto,
392 1287 420 1342 id
435 1290 488 1351 est,
505 1286 552 1357 qul
568 1213 924 1340 nuillieaeiytlb'iilb‘i‘ihrgbffi
939 1225 1079 1336 abuma
1132 1219 1643 1354 Busfclfarqmesiaeq'agqucqc'aqni
1661 1217 1847 1344 cleetecretizxslt’llit
1864 1229 1931 1368 ἓξὲξ
1988 1252 1989 1319 ἶ

254 1217 318 1274 ιιιιι
330 1216 479 1280 Theodori,
496 1214 551 1287 47

254 1362 306 1415 ιιι.
320 1357 513 1430 Superpusitio
537 1360 635 1412 autem
650 1356 702 1411 hoc
724 1353 786 1409 loco
805 1352 976 1409 abstinentia
1002 1355 1078 1407 esta
1131 1367 1194 1422 cap.
1208 1351 1234 1415 3,
1251 1353 1298 1408 ubi
1312 1357 1443 1425 corrupte
1464 1352 1568 1477 legitur
1581 1354 1760 1424 linguabitur,
1788 1359 1870 1488 laq
1892 1372 1933 1425 ,ed

253 1430 316 1486 cibo
330 1431 376 1485 die
385 1428 477 1485 solido
487 1433 515 1483 at
529 1428 641 1499 integro
651 1431 693 1495 ;et
704 1439 896 1496 superponere
911 1427 954 1478 est
964 1421 1077 1494 integro
1132 1422 1314 1479 scribendam
1328 1424 1424 1494 linqua
1435 1424 1487 1479 tam
1504 1432 1579 1479 atur.
1591 1424 1622 1479 lu
1631 1428 1759 1495 sequenti
1768 1432 1850 1488 articu
1863 1441 1933 1501 ambi

253 1501 300 1557 dic
315 1519 332 1557 a
346 1500 409 1558 cibo
424 1499 577 1567 abstinere,
593 1503 637 1554 est
650 1496 791 1568 ctjejunii
815 1493 1021 1566 superadditio,
1036 1493 1078 1549 di·
1131 1497 1161 1546 τὸ
1178 1494 1287 1550 uicibus
1299 1496 1443 1559 scribitur,
1457 1496 1537 1551 deest
1550 1497 1721 1552 uocabulum
1733 1515 1874 1560 numerum
1895 1526 1932 1566 ιι.

252 1572 354 1629 ιιιιιιο
366 1587 573 1653 ;superponere
597 1573 640 1625 est
661 1568 689 1623 di
702 1573 783 1623 atara
799 1565 953 1639 jejunium,
969 1567 1075 1646 Grrece,
1131 1564 1268 1636 primens.
1285 1568 1316 1621 ln
1327 1566 1419 1637 capite
1432 1566 1519 1621 citato
1530 1566 1685 1623 burchardi
1696 1569 1776 1625 deest
1793 1577 1820 1625 τὸ
1840 1578 1933 1639 uicina,

253 1645 401 1719 ὑπέρθεσις,
414 1644 444 1697 id
459 1647 511 1713 est,
537 1639 735 1712 superpositio,
755 1654 811 1709 quo
827 1635 964 1692 vocabulo
989 1639 1078 1691 utitur
1130 1641 1153 1691 Α
1176 1637 1297 1706 pellatur
1309 1637 1354 1693 bic
1369 1638 1467 1692 Oratio
1482 1637 1797 1708 Dominicapericutosa.
1808 1646 1933 1715 quistatim

252 1713 498 1786 sanctusCyrillus
513 1710 797 1783 Hierosolymitanus,
811 1707 926 1763 Catach.
942 1705 992 1766 l8:
1009 1707 1077 1761 Pro-
1130 1653 1209 1761 liban
1226 1707 1254 1762 iii
1272 1708 1356 1764 atissa
1369 1725 1432 1764 cum
1447 1714 1526 1763 tanta
1542 1710 1703 1764 reverentie
1713 1717 1742 1766 et
1762 1717 1866 1773 cautela
1879 1724 1935 1778 reci.

248 1795 312 1859 ΡΜ
323 1786 426 1841 lflbttm
440 1792 528 1840 ⁰th
550 1784 747 1854 provenientes,
762 1782 789 1832 3³2
812 1799 840 1831 rc
853 1786 899 1838 τῆς
919 1779 1076 1850 ὑπερθέσεως
1090 1793 1113 1853 Β
1130 1778 1416 1843 tabnnisacerdoies,
1431 1784 1462 1834 ut
1475 1780 1584 1861 grande
1595 1780 1739 1850 piaculum
1761 1800 1790 1839 se
1805 1788 1936 1849 admisisse

250 1866 300 1920 τῆς
311 1860 433 1919 νηστείας
445 1864 493 1917 τις
507 1862 677 1928 παρασκευῆς
690 1857 735 1904 και
749 1859 795 1911 τις
809 1849 962 1922 ἀγρυπνίας,
978 1848 1006 1902 id
1022 1852 1074 1912 est,
1130 1851 1288 1913 crederent,
1304 1851 1327 1904 si
1341 1852 1415 1906 inter
1433 1853 1612 1906 recitandum
1628 1851 1672 1905 vel
1697 1852 1820 1910 leviterb
1834 1860 1935 1919 titubas.

251 1945 285 1985 ex
294 1927 530 2000 superpositione,
541 1925 710 1980 dilatatione
719 1920 967 1993 superadjectione
970 1919 1075 1992 jejunii
1129 1925 1202 1975 sent.
1217 1921 1505 1993 trecassensium
1521 1940 1574 1976 nair
1582 1923 1700 1991 penitet,
1714 1924 1935 1999 intelliguntufde

250 2014 425 2071 parasceves,
438 2004 467 2054 et
479 1996 584 2080 vigiliae
596 2011 603 2062 ;
613 2000 641 2051 ιι
653 1994 848 2066 ὑπερτίθεσθαι,
865 1991 894 2046 id
909 1995 963 2054 est,
978 2007 1075 2061 super·
1130 1990 1173 2046 his
1188 1992 1245 2063 qui.
1260 1995 1330 2047 dum
1344 1992 1406 2047 sani
1416 1993 1747 2064 suntadpacnitentiam
1757 2013 1813 2053 non
1824 2004 1935 2071 veniunt,

249 2067 667 2197 goneredllaturepejunium,
693 2064 1074 2144 superaddere3quovcca·
1129 2063 1934 2134 sedeamininflriiiitatcpetuiit.Hiautemtresartiauli
1988 2094 1989 2143 ι

269 2142 317 2198 ulo
332 2145 450 2197 utuntur
466 2140 616 2211 Dionysias
629 2135 837 2192 Alexandrinus
851 2150 880 2188 in
894 2132 1014 2214 epistola
1038 2133 1074 2215 ad
1128 2133 1163 2189 de
1178 2135 1346 2204 paenitentia
1361 2135 1467 2261 sumgti
1489 2141 1555 2190 sunt
1570 2151 1603 2190 ex
1619 2152 1699 2191 conc.
1724 2140 1884 2214 Carthagia.
1904 2163 1934 2212 ii,

248 2213 415 2277 Basilidcm,
428 2205 798 2279 etsauctusEpiphaniusin
808 2208 982 2275 expositione
995 2202 1072 2259 tidei.
1128 2206 1285 2261 canonibus
1299 2207 1343 2269 76,
1359 2207 1393 2261 ii
1408 2208 1424 2261 7
1458 2211 1486 2260 et
1497 2207 1540 2261 79.
1560 2206 1625 2261 tlaea
1640 2208 1739 2272 rerba,
1755 2210 1868 2267 Sedima
1885 2217 1934 2283 itta,

247 2284 377 2339 Tandem
393 2283 447 2338 hoc
461 2280 641 2341 vocabulum,
658 2276 892 2348 Qutuquuprsimis
906 2278 1072 2342 corruptum
1126 2277 1175 2346 qui
1187 2277 1305 2335 dimisit,
1320 2282 1454 2349 corrupta
1468 2282 1545 2342 sunt,
1558 2282 1587 2332 et
1602 2276 1768 2347 legendum,
1780 2282 1934 2353 Sadaanitti,

247 2354 495 2437 estctlegcndum
507 2346 1072 2434 Quinquaprsimae‚intelligiturqueQuin·
1125 2363 1209 2419 quam
1223 2349 1340 2414 dimisit,
1354 2348 1382 2403 id
1397 2353 1449 2409 est,
1464 2364 1539 2419 aqua
1551 2356 1704 2419 separatus
1718 2358 1762 2406 est
1785 2354 1934 2426 Husuerba,
1988 2404 1989 2411 ,

247 2441 415 2499 quagesima
425 2422 575 2495 paschalis,
587 2423 675 2487 idest,
685 2422 746 2475 dies
758 2418 799 2474 illi
809 2416 1014 2488 quinquaginta
1023 2416 1072 2487 qui
1126 2418 1158 2473 Si
1168 2419 1229 2489 quic
1243 2419 1355 2474 uoteudo
1366 2419 1524 2489 pareatibus
1537 2421 1639 2475 occidit
1655 2422 1796 2486 berniciam,
1815 2425 1853 2481 ita
1866 2445 1935 2500 erpo·

247 2496 430 2553 intercedunt
443 2495 680 2563 interutramque
694 2488 909 2546 solemnitatem
924 2486 1072 2543 Paschatis
1126 2492 1221 2545 nenda
1235 2495 1319 2546 sunt:
1335 2491 1437 2561 siquis,
1451 2490 1935 2572 proeiecioiunicicmstramem„

246 2572 275 2625 ct
287 2568 479 2632 Pentecosten,
494 2565 541 2637 qui
557 2581 590 2619 ιι
603 2578 683 2618 more
698 2561 817 2632 antiquo
829 2559 940 2633 jejunio
958 2564 1069 2615 vacant.
1125 2564 1220 2616 torum
1237 2566 1286 2616 aut
1302 2564 1532 2632 propinquorum
1542 2578 1661 2617 suorum
1675 2580 1791 2621 serium
1805 2570 1932 2629 occiderit,

281 2638 350 2711 Cap.
365 2640 392 2704 9,
405 2638 436 2695 Si
446 2636 678 2707 consumptionis,
689 2633 751 2705 lege
764 2633 789 2687 si
798 2648 877 2687 causa
887 2629 1069 2700 nepti‘pcaa’a.
1123 2631 1197 2686 Nam
1210 2632 1264 2688 lioc
1277 2631 1338 2688 loco
1353 2637 1485 2703 parentes
1499 2633 1729 2706 santpropinqui
1745 2642 1774 2692 ιι
1787 2642 1900 2709 cognati,
1913 2649 1937 2699 et

245 2710 277 2766 ln
290 2710 333 2766 his
350 2710 451 2775 verbis,
483 2725 514 2764 ro
529 2708 606 2765 banis
620 2705 700 2761 rebus
711 2705 819 2775 offerre,
835 2706 864 2754 τὸ
875 2700 953 2756 rebius
966 2701 1070 2755 radun·
1125 2700 1212 2758 homo
1227 2703 1251 2758 is
1266 2703 1368 2774 estqui
1384 2703 1494 2759 servilis
1508 2710 1551 2758 est
1571 2705 1760 2767 conditionis,
1777 2710 1877 2782 dequo
1899 2730 1936 2769 ia

148 2798 155 2811 ¹
245 2783 314 2838 dare
324 2781 447 2837 videtur.
462 2727 517 2837 ξιιι
529 2780 565 2833 do
576 2778 629 2833 boc
640 2778 702 2833 loco
712 2774 799 2830 intra.
810 2772 953 2844 Sequitur,
965 2772 997 2826 Si
1009 2773 1070 2843 quis
1123 2774 1224 2829 cabulo
1238 2775 1354 2830 consule
1370 2774 1529 2846 Cujiicium‚
1543 2775 1690 2834 Pendlih.
1706 2795 1724 2839 i,
1737 2782 1766 2833 et
1776 2780 1937 2839 Fredericum

242 2853 342 2925 prabet
355 2853 482 2908 ducatum
496 2849 632 2905 barbaris.
657 2847 747 2903 Aliter
761 2846 836 2917 apud
862 2841 1067 2911 burchardum,
1122 2843 1361 2917 Lindenbrogium
1376 2847 1403 2901 iii
1416 2846 1568 2907 Glossario,
1582 2851 1611 2902 et
1620 2847 1650 2902 in
1663 2850 1772 2904 notatis
1784 2853 1820 2906 ad
1833 2852 1935 2910 Paulum

243 2929 272 2980 et
283 2924 373 2980 fusius
385 2924 443 2978 heac
454 2921 639 2993 proferuntur
649 2919 697 2973 lib.
713 2934 770 2981 xix,
785 2933 847 2987 cap.
872 2914 932 2978 l03,
948 2931 981 2970 eii
1009 2914 1068 2969 Poe·
1122 2914 1351 2979 Waraciridum,
1367 2918 1384 2972 ι.
1404 2933 1429 2971 ιι
1445 2918 1479 2972 de
1493 2917 1586 2973 Gestis
1601 2918 1868 2989 Langobardorum,
1880 2943 1901 2980 c.
1914 2928 1935 2981 3.

243 2994 384 3052 nitentiali
409 2996 556 3051 Romano:
582 2991 612 3046 st
625 2991 688 3062 quii
715 2987 816 3062 proebu
839 2986 968 3041 ducatum
988 3000 1069 3055 sapei·
1123 2987 1190 3042 Hine
1204 2988 1300 3050 uerba,
1315 2989 1348 3045 Si
1361 3003 1417 3060 qua
1430 2989 1528 3043 mulier
1539 2993 1658 3045 camerti
1674 2991 1763 3046 altem
1777 2996 1883 3051 mulieri
1890 3014 1936 3052 na·

243 3066 424 3133 Christianos,
439 3071 469 3119 ιιι
481 3062 677 3134 dependeretur,
692 3067 717 3116 ct
730 3076 783 3114 non
807 3056 936 3112 acciderit
961 3061 1067 3125 strages
1120 3059 1217 3121 ritum,
1232 3060 1334 3113 mutila
1349 3064 1424 3123 sunt,
1439 3060 1489 3114 scd
1502 3061 1671 3115 addendum
1686 3066 1731 3117 est
1750 3068 1779 3116 τὸ
1804 3065 1927 3123 dimittere

242 3138 474 3201 Christianorum,
487 3142 639 3189 trasancos
651 3131 777 3203 paeniteat
790 3145 798 3195 3
809 3128 853 3183 aia
879 3143 952 3209 ocra,
975 3127 1103 3207 ejectieg
1121 3128 1163 3184 rel
1176 3130 1336 3256 relici‘qaere,
1350 3131 1391 3184 vel
1400 3131 1468 3202 quid
1481 3130 1584 3210 simile.
1599 3132 1678 3195 llaec,
1691 3134 1719 3187 ci
1733 3138 1795 3205 quic
1820 3111 1937 3193 ciperem

240 3211 337 3273 armis,
353 3224 434 3278 nsque
448 3205 483 3261 ad
497 3212 608 3261 mortem
619 3202 851 3258 montanarium
865 3205 949 3253 oium.
966 3201 1066 3254 Postea
1120 3215 1222 3255 norum
1262 3200 1438 3256 licinianum.
1455 3201 1554 3256 uiderit
1569 3201 1779 3271 ambulantem,
1793 3213 1857 3273 ιιι..
1882 3215 1936 3264 sunt

240 3280 589 3351 prohibeturmanducure
604 3290 720 3330 earnem
736 3269 916 3331 animalium,
942 3285 1064 3339 quornm
1119 3287 1201 3325 carra
1225 3271 1345 3336 tissima,
1361 3289 1424 3342 quae
1438 3271 1479 3328 ita
1502 3273 1673 3343 castiganda
1690 3292 1754 3332 esse
1776 3279 1899 3351 conjicio,
1912 3282 1936 3336 Si

239 3367 318 3407 mors
333 3352 493 3422 ignoratur,
503 3364 538 3404 ne
546 3347 620 3402 torte
629 3343 820 3400 morticinium
833 3345 883 3396 aut
893 3340 1064 3395 suffocatum
1117 3288 1936 3413 qancbriatnmramhirimanumviuertinmtutamenmt

239 3423 417 3479 comedetur.
438 3421 504 3475 llaec
529 3419 626 3481 verba,
641 3416 728 3471 Pueri
749 3413 965 3472 sermocinantes.
991 3415 1063 3476 ete,
1117 3412 1297 3478 oberrantem,
1313 3424 1337 3470 et
1348 3432 1401 3469 nou
1415 3417 1605 3472 monstraverit
1617 3417 1644 3472 ei
1659 3418 1744 3474 niam.
1756 3422 1793 3475 ιιι
1806 3438 1935 3477 ecaamnu

238 3510 330 3566 usque
346 3493 382 3549 ed
397 3492 485 3548 finem
500 3489 600 3561 capitis
611 3487 736 3544 citantur
751 3501 784 3540 cx
802 3482 994 3564 Pieniteiitiali
1011 3486 1063 3538 tlo-
1119 3485 1238 3549 nicatur,
1251 3487 1294 3540 iel
1310 3486 1380 3556 quid
1394 3485 1487 3542 simile
1503 3490 1705 3556 reponendum
1722 3496 1788 3559 est;
1810 3496 1935 3564 quemad·

238 3581 337 3627 mano,
353 3562 553 3628 eberchardo,
575 3559 623 3615 lih.
640 3574 707 3621 xiii,
730 3573 792 3627 cap.
817 3556 860 3615 ob,
887 3555 933 3610 uhi
959 3553 1064 3623 legitur
1118 3556 1236 3611 modum
1254 3557 1438 3627 sequentihus
1453 3558 1555 3615 verbis.
1566 3566 1712 3628 parentem
1725 3578 1805 3617 suum
1828 3565 1936 3619 nmdida

237 3635 324 3692 Pueri
335 3634 387 3690 soli
396 3638 613 3697 sermocinantes,
625 3645 726 3699 nempe
741 3624 1065 3707 delornicptiunecime-
1117 3627 1167 3689 rit,
1183 3627 1243 3682 haec
1255 3632 1322 3683 sunt
1335 3630 1534 3699 preponenda,
1549 3634 1576 3683 st
1584 3633 1660 3698 aitis,
1677 3636 1709 3687 ut
1719 3633 1841 3705 legatur,
1855 3636 1935 3708 siquis

238 3707 312 3770 dica,
325 3704 569 3776 iutraiemetipaoa,
581 3707 612 3758 ut
627 3700 712 3772 paulo
735 3703 802 3754 ante
829 3698 923 3751 dixit:
945 3695 1013 3751 Post
1035 3699 1063 3749 rb
1114 3705 1255 3769 parentem
1270 3716 1346 3755 suuni
1365 3699 1527 3755 vendiderit.

236 3778 365 3839 asculum,
376 3777 405 3833 in
421 3776 483 3831 loco
498 3775 585 3829 citato
601 3771 716 3845 ponitur
737 3767 877 3841 particula
897 3782 961 3833 non,
973 3768 1063 3849 ‘quod
1154 3772 1216 3825 lirae
1223 3770 1401 3835 constitutio,
1415 3770 1445 3827 Si
1459 3774 1569 3827 tertium
1585 3774 1738 3844 acceperit,
1755 3780 1828 3842 ιιι,
1848 3782 1935 3833 notau-

237 3854 384 3922 peccatum
399 3847 506 3903 ibidem
515 3845 640 3918 quinque
650 3838 924 3914 superpositionibus
933 3839 1063 3894 auimad-
1117 3840 1155 3894 da
1169 3841 1545 3913 :quamvisenimbigamos
1556 3844 1788 3914 trigamos,etc.,
1804 3849 1936 3919 permittat

235 3920 365 3977 vertitur.
1117 3911 1249 3973 Ecclesia,
1267 3913 1332 3977 quia
1348 3918 1445 3968 tamen
1460 3914 1522 3969 liaeo
1535 3913 1705 3996 polygamia
1716 3935 1767 3974 seii
1785 3921 1935 3990 nuptiarum

270 3994 362 4063 Caput
376 3988 556 4060 l0sequitnr,
574 3986 656 4058 cujus
671 3983 769 4039 titulus
792 3982 940 4051 corruptus
955 3983 1007 4045 est,
1034 3984 1063 4037 ct
1115 3982 1246 4053 repetitio
1256 3982 1364 4054 aliquid
1374 3985 1588 4040 incontinentiae
1601 4003 1631 4040 in
1643 3987 1768 4045 homine
1780 3993 1937 4063 noiatejos·

235 4064 386 4137 legendum
399 4062 437 4117 De
451 4058 597 4133 defectibus
620 4057 694 4111 circa
718 4053 893 4123 sacrificium.
921 4052 1060 4116 Quadam
1116 4054 1194 4108 modi
1208 4054 1340 4110 homines
1355 4061 1456 4127 praeter
1468 4056 1694 4127 irregularitatis
1713 4065 1814 4117 notam
1837 4063 1937 4134 quibus·

235 4151 269 4191 ex
285 4135 329 4190 his
349 4132 470 4205 peccatis
493 4130 568 4185 circa
586 4126 758 4183 sacrificium
782 4125 872 4180 blissae
895 4128 1007 4178 exstant
1031 4123 1059 4178 in
1116 4125 1259 4180 dumellis
1275 4125 1447 4196 poenisolim
1471 4129 1620 4200 subjacere
1637 4130 1742 4186 voluit.
1764 4134 1880 4190 Sanctus
1894 4136 1936 4189 Ra·

234 4203 424 4262 Poenitcntiali
435 4219 489 4257 ms.
503 4200 594 4256 sancti
605 4194 893 4255 Columbuniabbutis
905 4193 1061 4248 Luxovien-
1114 4195 1204 4260 silias,
1215 4197 1297 4267 epist.
1311 4201 1327 4255 1
1343 4198 1491 4263 canonica,
1505 4201 1541 4253 ad
1557 4200 1810 4270 Amphilochium,
1820 4205 1935 4276 digamos

234 4277 272 4332 sis
287 4277 315 4331 in
331 4273 504 4346 Burgundio.
519 4272 577 4326 Hoc
587 4271 778 4339 anteincaput
791 4265 932 4337 prolixum
945 4264 1060 4320 est.Scd
1114 4268 1224 4322 duobus
1238 4268 1331 4330 annis,
1345 4268 1484 4351 trigamos
1498 4270 1648 4341 quinquen
1666 4272 1800 4330 tidelium
1816 4275 1937 4332 sociante

255 4351 305 4402 iito
320 4346 403 4402 unica
415 4345 496 4416 plura
510 4340 594 4397 titulo
608 4337 821 4410 comprehendi,
831 4342 858 4392 et
871 4335 1060 4417 ascripturum
1114 4339 1283 4410 segregavit.
1298 4341 1468 4396 Constitutio
1476 4341 1657 4396 Constantini
1669 4344 1936 4419 Porphprogeoncta

233 4364 1059 4487 EuiusPoenitentialisusumluisseeorruploCodiee,aut
1113 4408 1305 4480 imperatoris,
1334 4411 1410 4466 lacta
1437 4428 1513 4467 anno
1538 4413 1639 4468 mundi
1669 4422 1935 4477 riciniicxxii,

233 4493 309 4545 certe
324 4487 377 4559 ipsi
390 4485 513 4541 delaissa
526 4482 704 4555 diligentium
714 4479 900 4537 exscribendi.
913 4478 982 4543 Quae
993 4495 1059 4534 iero
1113 4481 1325 4552 quadrigamas,
1342 4483 1410 4538 dum
1432 4483 1461 4538 iii
1483 4484 1536 4538 boc
1550 4489 1626 4539 statu
1655 4490 1882 4556 permanserint,
1907 4490 1936 4545 ab

233 4561 261 4616 in
275 4561 328 4615 boc
339 4557 462 4629 capitulo
476 4551 828 4627 spectantadsecrifieium
835 4549 1060 4615 blissoe,exstant
1114 4552 1192 4607 omni
1207 4558 1281 4608 eoetu
1296 4554 1485 4608 ecclesiastica
1502 4555 1640 4625 separari.
1653 4563 1685 4611 et
1701 4562 1805 4630 templi
1821 4562 1935 4633 ingressu

233 4632 309 4714 apud
324 4629 532 4693 lturchardum,
549 4626 600 4681 lib.
612 4642 637 4688 v,
654 4624 795 4694 capitibus
809 4624 841 4676 oi
859 4622 983 4702 ethmx
998 4621 1059 4701 Pne-
1114 4622 1202 4679 arceri
1215 4624 1308 4696 jubet,
1325 4630 1356 4679 ut
1368 4625 1456 4680 relert
1469 4626 1634 4685 Theodorus
1651 4627 1796 4687 Balsama
1816 4634 1851 4687 ad
1863 4631 1934 4705 epist

232 4702 372 4759 nitentieli
389 4704 537 4763 Romnum
553 4698 603 4753 sed
617 4696 646 4751 iii
660 4695 830 4767 quibusdam
846 4696 968 4746 variant.
985 4692 1057 4774 Quid
1112 4694 1241 4750 citatam.
1257 4694 1330 4760 Ouid
1346 4712 1414 4751 sane
1429 4696 1574 4753 statuisset
1588 4697 1636 4753 ille
1652 4699 1821 4771 imperator
1842 4705 1875 4759 de
1894 4703 1935 4758 illa

232 4774 269 4830 sit
282 4771 415 4829 chrismal
433 4785 520 4841 supra
543 4769 651 4823 dictum
677 4770 719 4822 est
742 4763 853 4835 agendo
878 4765 913 4818 de
936 4764 1058 4819 basilicae
1112 4764 1286 4836 hominequi
1302 4767 1398 4822 Roiani
1411 4771 1539 4838 tempore
1554 4770 1645 4824 sancti
1664 4772 1837 4845 Hieronymi
1849 4773 1934 4846 viginti

231 4844 421 4902 dedicatione.
438 4842 609 4899 Hecaerba,
631 4838 700 4894 Utri
714 4852 790 4893 inens
811 4840 961 4914 prosatici,
983 4839 1055 4901 etc,
1111 4837 1247 4892 uxoribus
1260 4844 1401 4908 superstes
1421 4838 1524 4903 luerat,
1551 4845 1580 4895 et
1603 4841 1638 4895 de
1664 4841 1719 4898 illa
1734 4847 1858 4903 muliere
1882 4862 1935 4917 quie

230 4920 364 4987 corrupta
379 4916 455 4977 sunt,
478 4917 507 4969 et
521 4910 685 4981 legendum,
701 4914 732 4963 ut
752 4922 860 4961 sumena
885 4905 1057 4975 sacrificium
1107 4907 1170 4979 jem
1187 4909 1243 4963 duo
1257 4912 1286 4964 et
1301 4908 1400 4979 viginti
1416 4911 1536 4966 maritos
1557 4922 1771 4982 composuerat
1787 4935 1794 4983 ;
1815 4918 1861 4988 qui
1883 4923 1936 4971 tan·

229 4995 358 5061 granatus
371 4986 515 5041 saturitate
533 4982 649 5046 uentris,
663 4985 717 5036 etc.
739 4976 902 5049 Sequentia,
919 4976 1057 5033 Diacouas
1111 4981 1176 5034 dem
1190 4979 1274 5034 simul
1291 4982 1477 5036 matrimonio
1487 4983 1631 5065 conjuncti
1646 4992 1731 5051 sunt,
1756 4986 1934 5058 exspectanti·

229 5059 387 5115 obliuiscaris
407 5056 571 5111 ablationem
598 5054 704 5123 offerre.
731 5054 796 5114 ele,
823 5051 957 5118 corrupta
978 5053 1055 5103 sunt.
1111 5050 1288 5106 bussummo
1303 5052 1397 5107 studio
1425 5055 1560 5109 Romanis
1574 5054 1637 5136 quis
1653 5057 1799 5115 eduobus
1825 5061 1936 5116 alterum

228 5132 311 5203 Apud
327 5128 530 5186 burchardum,
546 5141 609 5205 cap.
624 5125 655 5177 bl
672 5121 735 5177 libri
752 5119 840 5184 citati,
854 5118 1056 5190 legitar11h'a·
1110 5119 1326 5193 etlerret3quod
1348 5140 1414 5178 cum
1437 5123 1495 5178 iiro
1515 5126 1697 5196 contigisset,
1717 5138 1873 5186 coronatus
1893 5131 1935 5186 illc

227 5218 309 5258 conus
324 5201 481 5256 obtiviscens
505 5196 670 5251 oblationem
691 5194 801 5263 offerre,
816 5190 897 5246 donec
919 5191 1056 5260 offeratur
1109 5196 1138 5247 et
1152 5193 1278 5264 palmam
1294 5194 1388 5249 terens
1405 5195 1499 5250 uxoris
1512 5195 1649 5253 lerclcum
1663 5203 1826 5268 praecessit,
1834 5207 1865 5258 ut
1876 5200 1935 5257 sari·

229 5273 389 5336 linteamen,
400 5268 507 5341 quando
522 5268 679 5322 recitantur
689 5265 808 5319 uomina
819 5263 1008 5332 pausantium.
1019 5262 1056 5316 ai·
1109 5262 1150 5318 hit
1163 5269 1277 5319 sanetus
1292 5265 1491 5337 Hieronymus,
1506 5267 1587 5338 epit.
1601 5270 1637 5323 ad
1654 5274 1877 5342 ageruchiam?
1889 5276 1936 5330 tea

227 5344 338 5400 militer
349 5346 489 5415 pauitant.
503 5336 649 5408 Sequitur,
662 5336 793 5390 Stantem
810 5333 841 5387 iii
862 5333 972 5404 [ar-iun,
992 5337 1049 5389 etc.
1109 5334 1299 5406 Philosophus
1325 5336 1483 5407 imperator
1506 5339 1625 5395 ecclesia
1650 5340 1767 5411 ejectus
1790 5349 1844 5411 est,
1870 5343 1936 5415 quod

228 5416 367 5471 Videntur
381 5416 449 5468 ante
461 5410 520 5464 hac
536 5408 623 5463 verba
636 5406 765 5476 quiedam
778 5405 885 5459 deesse.
912 5404 964 5458 Pro
989 5421 1054 5474 qun
1107 5406 1204 5476 quadri
1227 5424 1309 5462 amus
1320 5413 1403 5469 esset,
1419 5412 1448 5463 iit
1463 5409 1559 5464 scribit
1570 5412 1735 5471 tedreaiis.

226 5488 372 5558 draqenas,
388 5482 465 5554 apud
479 5479 673 5537 Barchardum
694 5476 798 5548 legitur
820 5473 1051 5545 quadruqeiimas.
1142 5424 1225 5542 ang
1239 5478 1376 5549 sequitur,
1392 5479 1423 5535 Si'
1436 5481 1496 5551 qais
1510 5496 1596 5536 mmai
1609 5483 1727 5551 incedit,
1746 5492 1816 5553 cte,
1833 5491 1938 5560 propter

261 5648 270 5672 ¹
289 5634 378 5692 ludic.
391 5629 587 5704 partimini,
605 5632 659 5683 art.
676 5627 720 5693 lb,
737 5626 776 5682 ita
796 5623 893 5680 habet:
923 5623 1051 5679 Sacerdos
1141 5625 1234 5684 blod.
1252 5628 1368 5691 panii..
1381 5630 1408 5685 si
1422 5632 1937 5709 tutoaaeritsacerdossuperventione

226 5708 375 5777 quicturi,
391 5701 596 5760 etcerideritde
610 5698 736 5754 manibus
751 5698 808 5768 ejus
834 5694 1051 5751 Eucharistiain
1107 5697 1232 5778 Damio„
1246 5699 1357 5757 dunno
1371 5702 1515 5769 inponent
1529 5720 1613 5775 aqua.
1638 5703 1714 5761 Vide
1729 5716 1824 5764 notam
1847 5706 1936 5764 btubil·

225 5781 411 5841 terra,ctuou
427 5774 657 5844 i'uacucriteam,
678 5784 757 5845 scopa
775 5766 879 5835 niunda
903 5770 1050 5839 scopebat
1103 5768 1171 5852 lonii
1199 5769 1235 5826 ad
1259 5771 1330 5829 huno
1359 5772 1458 5829 locuni.
1487 5775 1638 5853 Putaaacrit
1666 5776 1715 5834 bic
1739 5778 1817 5839 idem
1840 5784 1883 5839 ast
1906 5792 1936 5839 at

225 5847 513 5920 coniurataeque.
1105 5840 1276 5909 tdubnvert't.
