4034 6180
436 250 475 319 in
494 258 526 320 s.
548 204 890 319 cataoaii'naauu
910 242 1241 320 cananaeamauii
1263 250 1382 320 nora.
1702 254 1761 320 ιιι
1812 208 1816 213 ’

68 258 115 326 aa

68 391 182 465 reperire
194 394 256 455 est;
272 387 459 461 Coosignote,
474 391 502 444 et
516 404 599 443 cruce
613 385 752 443 confirmo
767 384 881 452 latiale
900 385 1323 461 Adisciptinam,philosophus
1334 392 1369 446 ad
1379 383 1643 451 rernmdirinar'um
1659 391 1765 449 huma·

67 473 144 521 orteia
159 460 287 534 linquit),
298 461 425 532 pontifex
437 460 516 525 dicit,
541 459 676 531 pingendo
689 459 882 520 characterem,
940 473 1099 528 nurumque
1118 461 1321 531 cognitionem,
1343 464 1500 518 monachos
1524 466 1561 518 ad
1585 464 1763 535 religionem,

68 536 200 606 consigno
214 538 245 588 te
257 542 285 587 et
299 548 381 586 eruce
395 532 534 587 confirmo
547 538 584 591 te,
596 527 773 600 intelligenda
783 535 886 582 astoen-
940 540 1040 583 oniaes
1054 532 1227 601 generaliter
1245 534 1281 587 ad
1294 535 1483 598 sanctitatem,
1502 535 1637 605 primates
1649 538 1685 591 ad
1700 553 1765 591 con·
1815 538 1820 565 ¹

66 607 183 679 signatio.
209 604 291 675 apud
312 602 460 657 athenam
481 617 618 675 magnum
641 618 695 655 ms.
709 599 886 654 bibliothecae
939 599 1046 665 silium,
1058 603 1169 671 judicus
1183 603 1383 676 adjusiltiam,
1398 606 1503 660 milites
1515 608 1551 660 ad
1562 622 1765 663 armorumcx·

66 677 146 734 macti
159 674 318 731 Victorisin
330 674 473 729 Suburbio
488 673 682 739 Parisiensiin
693 672 711 724 t
721 674 805 734 sent,
819 684 883 741 pag.
940 670 1123 742 parientiam,
1149 673 1279 744 prelatos
1303 677 1339 729 ad
1362 676 1565 740 humilitatem,
1585 678 1714 733 sabditos
1729 680 1766 733 ad

65 750 192 807 Sithaec
208 747 298 802 torma
312 744 539 801 confirmationis
550 749 662 800 eistat:
683 744 830 799 Conllrmo
858 747 886 797 le
939 743 1144 809 obedientiam,
1161 760 1262 799 omnes
1276 746 1447 817 generaliter
1461 748 1498 802 ad
1513 749 1767 822 prudentiamjus·

64 822 137 893 siguo
151 819 256 883 crucis,
273 822 302 873 et
326 816 482 873 chrismate
496 816 595 871 salutis
608 815 636 869 io
651 813 768 868 nomine
783 812 885 878 Patris,
939 813 1044 879 titiam,
1067 815 1276 880 tortitudinem,
1292 816 1521 887 temperantiam,
1545 822 1630 889 alque
1648 834 1763 877 concor·

64 897 88 949 ιι
109 890 178 955 tint,
212 895 241 945 et
256 888 378 960 Spiritus
397 887 498 942 sancti.
530 890 558 941 ln
579 884 809 940 alioPontillcali
829 900 883 939 ms.
939 885 1290 942 diamllisetsimilibus
1319 888 1464 943 rebusitla
1490 888 1613 943 virorum
1639 892 1764 961 optimus

80 965 129 1018 uod
149 966 318 1018 asserimur
340 960 370 1013 in
383 959 506 1014 Ecclesia
527 954 751 1026 Rothomagensi
769 955 828 1009 tircc
845 952 885 1008 ri·
942 956 1060 1011 [leosibi
1070 958 1193 1028 propitio
1208 962 1314 1012 sanctae
1330 959 1458 1014 Ecclesiae
1471 959 1617 1031 fastigium
1632 978 1764 1018 accumu-

62 983 120 1090 gere
130 1038 194 1090 est:
215 1033 290 1087 Tana
302 1032 389 1103 [aciat
402 1046 506 1084 cracem
518 1030 547 1083 ia
561 1029 651 1100 proreta
664 1042 755 1081 eoram
767 1022 886 1079 clariana
906 1036 909 1042 ’
939 1026 1000 1082 lare
1012 1044 1070 1082 non
1085 1034 1188 1090 cessat.
1203 1033 1231 1083 et
1239 1030 1401 1084 admirabili
1418 1030 1445 1084 in
1457 1046 1551 1087 rerum
1561 1031 1763 1089 ecclesiastica·

60 1108 136 1179 (tege
150 1105 310 1173 chrimate)
326 1102 433 1157 diceas:
448 1101 589 1171 Consigno
603 1104 630 1153 te
658 1098 740 1169 signo
752 1096 842 1151 erucis
857 1100 886 1152 et
940 1115 1002 1153 rain
1017 1102 1076 1154 sive
1095 1100 1221 1155 civilium
1243 1100 1493 1157 administratione
1509 1109 1650 1169 strenuus,
1672 1109 1700 1160 et
1720 1121 1763 1160 sa·

59 1178 193 1233 confirmo
204 1175 357 1229 chrismate
372 1172 511 1227 salutisin
526 1171 642 1224 nomine
654 1169 754 1232 l’atiia,
767 1172 796 1223 el
810 1167 884 1231 Filii,
959 1169 1052 1224 tentiae
1063 1170 1140 1225 tonte
1155 1171 1307 1241 redundat,
1319 1180 1346 1227 et
1360 1172 1448 1228 virtus
1460 1174 1532 1246 [Lep.
1549 1174 1670 1247 virtutis]
1685 1175 1762 1231 eihl-

60 1255 84 1304 et
100 1248 225 1319 Spiritus
239 1245 340 1301 sancti
358 1247 458 1299 Amen.
476 1243 533 1297 Pax
549 1242 705 1303 vobiscum,
719 1239 883 1322 oel,tecam.
939 1186 1046 1298 bibone
1061 1242 1231 1315 triumphat.

60 1322 87 1375 Et
100 1332 166 1374 cuin
191 1316 296 1387 spiritu
317 1324 374 1370 tuo.
395 1315 523 1370 landem
539 1314 568 1368 in
583 1311 739 1369 pontificati
753 1312 884 1366 Romano

60 1391 94 1445 sic
107 1391 231 1445 habetur
245 1405 252 1442 ε
283 1387 370 1457 Signo
399 1391 427 1441 te
443 1384 524 1456 signo
549 1382 650 1448 crucis,
662 1388 691 1437 et
702 1383 842 1437 contii-nio
856 1393 885 1435 te

60 1454 886 1600 reciacirameaactitantltcnat
940 1498 1769 1631 ⁴aaalaniamenta·attractae

60 1605 140 1659 tilam
164 1608 319 1659 aeletssam·
349 1610 381 1669 Pt-
408 1604 509 1655 Amen·
540 1595 888 1667 Gfffleitefflipl'aemim
971 1624 1002 1673 V.
1021 1625 1769 1690 Curcatechumenusaccipitsaleni.VtQuaesitinter·

61 1673 343 1735 hennentonam
368 1671 490 1725 habetur
516 1669 546 1723 in
570 1684 670 1724 tofum
703 1667 885 1755 lss⁰⁰h⁰¹08J⁰3
972 1687 1767 1752 pretatioSyiiiboliserunilumbatinus.Vltssecredulitate,

62 1747 133 1808 aiter
159 1742 280 1798 δέσποτα
304 1739 468 1815 raptamini
497 1739 661 1812 εὔσπλαγχνι
683 1756 798 1815 papiam
814 1756 885 1807 αυτῳ
906 1746 930 1806 Β
972 1749 1766 1819 quoinodoeredanduinsitinDeumPatreuiomiiipotontem,

62 1825 101 1870 ιιι
112 1822 155 1875 rm
167 1811 317 1889 σφοαγίδα,
339 1818 407 1880 etc,
423 1813 451 1866 id
469 1816 513 1867 est
527 1826 532 1865 :
548 1811 588 1866 Tu
603 1810 733 1874 Domine,
755 1808 886 1863 omnium

64 1893 114 1945 lter
125 1892 153 1944 et
166 1871 341 1948 misericors,
356 1886 431 1939 dona
446 1884 472 1939 ei
487 1887 515 1938 et
529 1883 707 1964 signaculum
726 1880 886 1952 largitionis

62 1960 155 2025 morti,
166 1964 197 2014 et
207 1955 414 2028 omnipotentis
429 1955 626 2025 adorandique
645 1953 687 2008 tui
698 1951 828 2023 Spiritus.
843 1952 886 2005 ln·

63 2040 101 2087 ter
110 2030 279 2103 aagendam
293 2029 391 2082 dicunt
406 2031 519 2108 appamia
532 2022 629 2100 δωρεὰς
639 2031 784 2095 [Ινιύματος
797 2022 884 2093 ἁγίου,

63 2104 151 2168 idest,
167 2099 351 2174 signaculum
364 2100 432 2153 doni
447 2097 568 2168 Spiritus
584 2095 755 2160 sanctione
768 2094 883 2166 quidem

63 2175 181 2229 termula
195 2175 292 2227 exstat
305 2170 334 2224 ia
350 2185 413 2225 can.
426 2170 443 2222 'l
457 2165 569 2223 concilii
586 2166 670 2237 primi
684 2165 886 2221 Constantino·

64 2244 184 2317 politam,
201 2244 232 2298 in
247 2257 305 2314 qno
324 2240 425 2296 statuit
437 2239 589 2295 concilium
604 2242 633 2291 ut
647 2236 816 2304 Novatiani,
830 2238 885 2290 lla-

63 2315 220 2377 oedoniani,
248 2311 470 2384 apollinarista,
493 2318 520 2366 et
547 2309 663 2380 quidam
685 2308 733 2364 alil
749 2307 883 2371 haretici,

65 2389 106 2460 qui
118 2388 253 2460 abjurata
269 2383 370 2439 haeresi
394 2381 521 2437 Ecclesiae
542 2381 682 2436 catholice
700 2378 885 2435 reconcilian-

64 2458 282 2525 tur,chrismate
294 2470 333 2511 un
353 2458 439 2508 autur
453 2453 481 2507 in
498 2453 601 2516 tronto,
631 2451 730 2514 oeulis,
755 2450 882 2514 naribus,

65 2546 108 2585 ore
121 2534 150 2585 et
178 2529 308 2597 auribus,
330 2471 452 2581 ticenae
469 2548 474 2578 ι
493 2528 604 2597 Σφραγις
617 2520 716 2595 δωρεᾶς
738 2524 886 2603 Campanae

65 2602 145 2672 tyras.
173 2600 254 2681 apud
277 2600 413 2653 severum
434 2595 627 2667 patriarcham
648 2593 883 2657 Alexandnnam,

66 2671 109 2726 lib.
124 2673 159 2726 de
176 2670 289 2725 ltilibus
301 2667 436 2739 baptismi
450 2668 525 2720 liano
540 2665 665 2720 formam
681 2665 775 2719 ridere
798 2663 883 2721 licet:

65 2742 221 2798 chrismale
233 2737 594 2795 sanctiauaiitaiisoaoris
607 2736 710 2791 Christi
722 2734 781 2805 llei,
792 2734 886 2816 sigillo
977 2756 991 2789 u
1014 2736 1034 2790 l.
1055 2735 1195 2807 Antiquos
1211 2750 1273 2791 mos
1289 2740 1437 2803 serratam
1462 2738 1623 2810 quicunque
1636 2742 1714 2799 enini
1730 2744 1768 2799 ad
1862 2780 1866 2787 .

66 2831 134 2868 tt-‘t'ffl
147 2812 224 2877 fidet,
241 2807 719 2881 compti-‘meumpignorisssptriltts
737 2812 828 2861 sancit
839 2806 888 2860 0b·
941 2807 1086 2880 apostolos
1096 2807 1244 2862 credentes
1255 2807 1416 2879 baptizandi
1428 2810 1629 2876 adveniebant,
1646 2813 1768 2871 instrua-

65 2884 188 2955 signator
203 2882 281 2945 talis,
298 2883 330 2935 N.
344 2881 373 2935 iti
386 2880 503 2935 nomine
520 2878 620 2942 Patris,
636 2883 665 2933 et
678 2877 783 2947 Filii,at
798 2875 885 2948 Spiri·
941 2882 1046 2936 bantur
1060 2883 1088 2933 et
1102 2879 1278 2933 docebantur
1288 2880 1323 2934 ab
1338 2880 1387 2943 eis,
1404 2885 1433 2935 et
1447 2881 1588 2947 instructi,
1601 2889 1630 2939 et
1645 2885 1718 2940 docti
1733 2887 1768 2943 de
1787 2911 1791 2917 ·

65 2960 105 3010 ωδ
118 2954 208 3010 ⁸³⁰⁰st
227 2955 264 3008 fid
277 2953 367 3007 eitam
383 2951 476 3007 Saeffllli
491 2950 672 3015 SfflCUlOfflffl,
690 2956 789 3003 tmen.
941 2955 1124 3007 sacramento
1138 2950 1318 3021 baptismatis
1333 2955 1361 3006 et
1378 2952 1412 3006 dc
1433 2953 1541 3008 calaris
1564 2956 1669 3026 regulis
1691 2957 1766 3025 fidei,

97 3028 238 3081 llaatenus
253 3027 289 3079 de
307 3024 491 3079 sacramentis
506 3020 651 3092 baptismi,
681 3024 708 3074 et
732 3019 889 3074 confirma·
943 3022 1350 3092 accipiebantsacrosanctum
1378 3024 1544 3095 mysterium
1576 3025 1766 3098 baptismatis,

64 3098 157 3154 tionis.
177 3097 233 3153 Sed
248 3095 317 3167 qaia
341 3094 434 3149 multa
454 3110 516 3165 quea
530 3094 566 3148 ad
581 3090 715 3162 baptismi
726 3092 797 3145 ritus
808 3105 886 3160 spec·
905 3114 928 3173 (3
944 3094 1025 3149 Unde
1044 3093 1084 3146 ait
1097 3092 1268 3163 Apostoluse
1287 3094 1332 3147 Aa
1347 3095 1490 3164 ignoratis,
1503 3096 1617 3167 fratres,
1631 3100 1696 3170 qaia
1709 3102 1769 3172 qai·

64 3172 121 3226 tare
135 3170 271 3225 ridentur
290 3165 538 3237 pretermisimus,
555 3180 610 3219 noa
623 3164 673 3217 aba
688 3178 719 3216 re
738 3161 792 3218 erit
806 3162 829 3215 si
845 3161 889 3215 his
942 3178 1051 3235 saumae
1066 3163 1200 3235 baptizati
1205 3181 1297 3219 samus
1304 3166 1333 3219 iii
1345 3166 1453 3221 Christo
1460 3167 1533 3232 tera,
1546 3170 1574 3222 ia
1592 3178 1675 3225 morte
1685 3172 1771 3242 ipsias

65 3256 122 3321 qua
132 3240 299 3310 scripsimus
311 3237 438 3292 libellum
460 3234 639 3306 theodulphi
658 3232 781 3305 episcopi
802 3242 889 3287 aare·
943 3235 1077 3307 baptizati
1090 3251 1189 3289 samus.
1206 3235 1234 3290 ln
1250 3236 1352 3307 quibus
1366 3237 1458 3291 verbis
1472 3240 1631 3295 ostenditur
1646 3258 1703 3296 aon
1721 3258 1769 3298 eos

64 3311 194 3366 tianensis
207 3313 243 3365 de
258 3308 362 3364 ordine
374 3306 507 3378 baptismi
522 3306 717 3377 subjiciamus,
733 3320 818 3376 quein
831 3319 886 3357 ms.
944 3308 1090 3380 ignorasse
1103 3307 1274 3362 sacramenti
1290 3306 1471 3377 baptismalis
1486 3326 1601 3377 areana,
1615 3312 1663 3383 qni
1678 3315 1715 3368 ba
1737 3314 1771 3370 ii.

66 3380 283 3437 exbibliotbeca
297 3378 637 3444 Corbeiensihabuimas,
658 3377 687 3431 in
716 3374 890 3448 quaomnia
944 3381 1090 3434 rabuntur.
1114 3378 1170 3434 Sed
1195 3382 1223 3433 et
1249 3378 1385 3433 [lominus
1412 3332 1769 3454 nonuteunqueaitztte,

67 3470 126 3522 1111oe
141 3455 178 3509 ad
193 3456 409 3508 sacramentum
425 3449 560 3520 baptismi
579 3451 719 3519 spectant,
743 3447 890 3503 enucleate
944 3451 1103 3523 baptizate3
1119 3450 1179 3512 sed,
1196 3449 1268 3503 itaet
1282 3449 1368 3503 docete
1389 3466 1476 3504 omnes
1491 3460 1589 3523 partes,
1604 3454 1771 3526 baptizantes

66 3524 132 3579 satis
159 3542 225 3580 cnm
250 3522 372 3594 mystica
387 3520 620 3592 interpretatione
640 3522 829 3590 exponuntur,
845 3516 890 3572 cui
945 3537 996 3586 eos,
1012 3525 1044 3575 ut
1056 3535 1138 3574 nosse
1149 3519 1291 3590 possimus
1307 3520 1430 3590 primum
1447 3522 1597 3589 instruere,
1619 3532 1647 3580 et
1670 3528 1771 3583 docere

66 3596 150 3650 etiam
162 3592 611 3664 elucidationisgratiaquasdam
622 3590 892 3660 notationesadjuo·
946 3608 1011 3648 eum
1027 3591 1074 3661 qai
1089 3590 1276 3663 baptizandus
1292 3597 1344 3660 est,
1361 3596 1389 3647 et
1404 3596 1501 3662 postea
1514 3593 1666 3665 baptizare.
1677 3599 1772 3653 lotan·

67 3683 173 3738 temus,
946 3669 991 3720 tes
1004 3678 1082 3733 ergo,
1099 3662 1289 3743 obaudientes
1304 3672 1331 3717 et
1350 3664 1548 3744 catechumeni
1564 3667 1772 3740 liunt,n0nquo
1845 3692 1857 3705 e

184 3745 817 3843 ananiam-amaasaiam,·
947 3735 1774 3882 {latittltttltlltlttllltttlltntt

101 3899 113 3929 e
133 3877 378 3935 iteret-entissime
391 3880 477 3948 alque
490 3875 659 3931 charissimo
685 3875 768 3932 tratri
788 3878 892 3935 ioanni
946 3879 1035 3933 zaturi
1055 3880 1138 3932 erant
1153 3876 1276 3946 primam
1292 3878 1433 3933 docebant
1446 3882 1474 3934 et
1494 3879 1683 3949 instruebant,
1700 3884 1775 3938 sicut

66 3950 208 4023 episcopo,
227 3947 406 4004 Theodotius
420 3947 554 4003 salntem.
943 3951 1007 4024 jam
1021 3948 1129 4002 dictum
1143 3952 1193 4003 est,

99 4043 112 4069 ι
132 4024 311 4092 perceptum
335 4024 426 4083 tuum,
445 4018 486 4072 vir
514 4016 682 4073 venerabilis
695 4018 830 4085 loannes,
846 4038 893 4093 pe·
985 4039 999 4072 a
1018 4020 1052 4074 lt.
1070 4018 1401 4075 Catechumcnusaulem
1413 4019 1604 4086 audiens,siie
1618 4022 1773 4083 instructus

65 4093 203 4164 regnan
217 4108 276 4147 aon
291 4089 388 4146 solerti
403 4088 542 4154 efficacia,
556 4090 748 4161 planatamcn
759 4091 893 4147 obedien·
948 4089 1351 4161 interpretatur.tienusenim
1364 4091 1522 4148 humanam
1532 4095 1774 4160 audit,elinstrui·

65 4164 109 4219 tia.
123 4162 290 4235 Praecepisti
303 4161 382 4216 enim
398 4159 477 4224 mihi,
495 4160 553 4216 imo
570 4176 620 4232 pro
634 4165 662 4215 te
676 4160 801 4216 charitas
822 4180 893 4234 pree·
948 4169 995 4218 tur
1017 4165 1171 4233 antequam
1195 4161 1231 4214 ad
1253 4161 1427 4243 baptismum
1451 4164 1556 4231 veniat,
1586 4172 1615 4221 et
1633 4170 1775 4241 quodper

64 4234 137 4306 cepit
148 4242 181 4290 ut
193 4233 365 4307 quibusdam
381 4232 583 4303 quaestionibus
599 4232 744 4287 deordine
758 4233 894 4303 baptismi
949 4236 1060 4305 Moysen
1073 4233 1218 4302 quondam
1234 4238 1365 4287 audierat
1381 4252 1387 4288 :
1411 4234 1495 4302 Aedi,
1519 4235 1617 4304 lsrael,
1644 4239 1775 4296 Dominam

64 4322 80 4359 a
100 4307 222 4365 domino
239 4311 268 4361 et
282 4304 408 4375 glorioso
423 4303 596 4373 imperatore
617 4302 720 4359 Carolo
735 4304 786 4357 libi
802 4308 894 4361 trans·
949 4305 1149 4360 Demonassae.
1160 4304 1193 4357 Et
1204 4318 1254 4375 per
1264 4302 1357 4373 legem
1370 4309 1398 4359 et
1418 4306 1572 4378 prophetas
1583 4310 1777 4367 instruebatur

63 4377 161 4432 missis
181 4376 307 4432 breviter
330 4380 359 4429 et
371 4374 427 4431 cito
441 4375 655 4445 responderem·
679 4376 895 4431 Coarctantibus
950 4377 986 4431 ad
1003 4374 1085 4429 unius
1104 4373 1162 4427 veri
1180 4372 1227 4427 Dei
1239 4373 1354 4428 cultum:
1367 4378 1453 4431 modo
1467 4394 1516 4449 per
1531 4382 1712 4438 sacerdotum
1725 4382 1777 4439 nii-

64 4448 160 4520 itaque
173 4464 221 4503 me
235 4446 301 4513 binc
311 4447 458 4505 brevitate.
474 4462 531 4517 qua
545 4446 668 4517 cogebar
678 4445 753 4501 brevi
761 4462 894 4503 sermone
913 4445 1100 4540 Dnisteriuin
1123 4448 1152 4500 et
1168 4445 1287 4500 audiens
1311 4446 1452 4502 alliciatur
1476 4450 1549 4521 [Lep.
1581 4452 1725 4525 alliciturl,
1748 4459 1778 4510 et

65 4534 110 4575 ras
129 4534 254 4591 magnas
270 4516 414 4589 expedire,
435 4516 505 4572 illuc
523 4517 663 4587 temporis
682 4517 822 4589 augustia,
840 4535 896 4591 qna
951 4516 1028 4643 qtae.
1041 4517 1082 4587 ut]
1100 4515 1201 4570 instrui
1216 4516 1311 4571 valeat
1323 4522 1368 4582 ;ut
1382 4517 1481 4574 relicto
1501 4521 1557 4576 ritu
1572 4530 1776 4595 qaocreaturce

67 4590 122 4646 rito
158 4590 359 4662 aodjusseras
373 4588 529 4658 adimplere
543 4587 675 4644 volebam
686 4589 895 4669 quodjussisli.
971 4587 1205 4650 eseriiebat,soli
1228 4587 1348 4642 creatori
1364 4589 1422 4644 [leo
1445 4592 1599 4648 deserviet.
1632 4595 1677 4649 Sic
1698 4595 1776 4650 enim

102 4683 117 4713 a
184 4660 223 4716 od
233 4677 305 4732 opus
314 4659 425 4714 atinam
438 4663 580 4713 essettam
590 4659 896 4730 efficacitcreipletum
952 4657 1150 4716 catechumeni
1160 4657 1190 4712 in
1203 4658 1348 4714 Christum
1359 4663 1488 4725 credunt,
1501 4668 1532 4718 ut
1547 4664 1640 4719 adhue
1652 4683 1704 4720 sua
1713 4683 1776 4737 pec·

68 4748 155 4803 quam
165 4738 209 4787 est
220 4731 345 4787 libenter
359 4730 540 4801 susceptuml
557 4731 729 4802 Quanquam
745 4748 812 4803 ergo
825 4730 897 4787 mihi
951 4735 1015 4787 cata
1026 4733 1160 4801 portent:
1179 4730 1213 4783 de
1229 4729 1331 4801 quibus
1350 4735 1418 4802 puto
1438 4731 1467 4786 in
1480 4734 1634 4806 Evangelio
1656 4736 1775 4805 dictum,

1205 1376 1347 1448 Incipiam
1367 1378 1497 1448 capitata.

972 1815 998 1860 et
1007 1813 1034 1860 in
1043 1812 1134 1860 lesuin
1143 1812 1276 1861 Christum
1295 1813 1391 1861 Filiam
1400 1815 1457 1875 ejus
1468 1819 1562 1864 natum
1573 1822 1597 1865 et
1632 1831 1732 1874 assum,
1742 1824 1769 1869 at

971 1874 998 1922 in
1007 1874 1134 1936 Spiritum
1143 1878 1275 1929 sanctum,
1286 1879 1406 1923 satiatam
1418 1877 1561 1926 Ecclesiam
1571 1832 1768 1943 catfiolicamat

971 1940 1137 1998 areamque
1147 1937 1331 1998 sequunturin
1346 1950 1377 1986 eo
1391 1938 1527 2001 Symbola.
1544 1940 1609 1988 viti.
1626 1944 1663 1990 De
1674 1945 1767 1992 scruti-

972 1998 1025 2049 nio.
1041 1998 1084 2046 tit.
1095 2000 1147 2047 Cur
1158 2002 1307 2060 tanguntur
1316 1999 1349 2048 de
1358 2005 1437 2062 sputo
1447 2014 1526 2051 nares
1534 2006 1559 2050 et
1574 2015 1661 2052 aures.
1673 2005 1703 2053 X.
1714 2005 1767 2055 Cur

970 2064 1064 2131 pectus
1078 2060 1110 2109 de
1123 2060 1181 2109 oleo
1196 2062 1315 2132 ungitur,
1331 2062 1371 2109 vol
1387 2063 1502 2132 scapulae
1517 2065 1538 2112 si
1560 2070 1666 2122 uantur,
1678 2068 1718 2116 val
1735 2068 1765 2117 li·

970 2125 1090 2172 niuntur.
1105 2122 1147 2170 ltl.
1161 2122 1228 2181 Quid
1244 2127 1278 2171 sit
1291 2122 1498 2173 abrenuntiatio.
1514 2078 1567 2174 ilfi.
1583 2127 1619 2176 tle
1632 2129 1764 2179 abrenun-

970 2186 1070 2233 tiatone
1085 2184 1189 2233 Satanae
1204 2189 1231 2233 et
1244 2186 1368 2234 omnibus
1385 2186 1511 2248 operibus
1522 2188 1589 2252 ejus,
1600 2194 1626 2239 at
1648 2206 1680 2239 ne
1691 2207 1764 2255 poni-

971 2248 1021 2311 pis,
1039 2245 1090 2304 vel,
1135 2247 1440 2318 iia'operadiabolimt
1478 2262 1521 2297 oin
1543 2205 1654 2300 aittfl.
1674 2252 1763 2303 [lesa-

969 2261 1614 2424 nuclauiatcurtlia

1018 2390 1059 2418 .ι,
1548 2389 1609 2423 tii.
1691 2414 1696 2425 .
1723 2388 1725 2392 “

970 2434 1351 2558 talamannia
1365 2386 1766 2550 stellatam

971 2560 1022 2609 mis
1032 2558 1124 2630 gratiae
1139 2509 1275 2621 affluam.
1294 2558 1349 2607 xvi
1366 2559 1383 2607 t,
1402 2560 1453 2609 Cur
1467 2514 1621 2624 miqfompet
1635 2516 1766 2629 85⁸ququ

970 2621 1109 2671 Dominicn
1121 2618 1302 2669 confirmetur.

68 4804 194 4874 spatiose
210 4801 364 4867 tractandi,
380 4806 409 4857 et
431 4798 547 4857 Petrum
564 4801 710 4857 volumina
722 4803 895 4873 revolvendi,

71 4875 242 4945 quibasdam
258 4871 494 4945 occupationibus
509 4873 758 4945 praepedientibus,
776 4874 897 4931 lacultas

70 4945 149 5001 nulla
169 4948 343 5017 suppeteret,
366 4944 395 4999 et
410 4960 452 4998 me
478 4945 515 4999 ad
533 4943 693 5017 jussionem
717 4945 897 5017 implendam

73 5015 194 5073 charitas
210 5018 403 5089 promoverat,
415 5014 450 5070 de
462 5014 582 5085 singulis
594 5032 658 5087 quie
671 5015 741 5070 mibi
750 5032 898 5073 occurrere

72 5093 238 5156 potnerunt,
254 5086 338 5142 celeri
349 5102 432 5141 cursu
448 5085 557 5157 scripsi,
571 5090 599 5141 el
614 5090 714 5142 vestrae
725 5086 898 5144 fraternitati

74 5158 147 5223 ruisi,
161 5162 193 5214 ut
212 5159 234 5213 si
251 5174 308 5213 noa
331 5154 485 5233 habuerint
508 5172 644 5227 responsa
659 5158 898 5229 emolamentum,

75 5228 899 5293 saltarisobedientiahabeattructuni.Ouastiunesinterea

75 5296 144 5366 ista,
156 5306 188 5356 ut
202 5316 256 5373 ego
271 5306 298 5355 te
318 5304 500 5355 nossecerlus
510 5312 586 5367 sum,
599 5315 616 5354 a
631 5300 717 5371 regali
732 5301 899 5357 celsitudine

76 5384 128 5425 oon
143 5378 209 5427 sunt
229 5371 311 5427 faeta
327 5370 497 5427 necessitate
519 5370 654 5436 discendi,
671 5373 719 5426 sed
740 5374 834 5429 studio
851 5376 899 5429 do·

78 5443 163 5510 candi,
190 5461 251 5499 nec.
268 5447 298 5497 ut
311 5448 382 5512 ipse,
399 5441 443 5495 his
458 5442 605 5509 absolutis,
620 5444 656 5497 de
680 5443 794 5498 nescitis
807 5446 901 5499 valeat

80 5510 173 5581 imbui,
184 5514 273 5587 363
291 5513 342 5568 sed
358 5518 389 5567 ut
401 5512 449 5567 alii
465 5514 498 5568 de
513 5528 616 5568 somno
629 5514 763 5568 desidiosi
776 5515 900 5594 corporis

82 5583 212 5643 adrerum
226 5585 469 5641 absolvendarum
482 5584 635 5640 utilitatem
646 5586 760 5641 valeant
772 5586 899 5651 excitari,

82 5656 177 5728 quippe
198 5659 243 5715 cui
269 5658 327 5711 hoc
342 5670 458 5726 semper
480 5654 623 5711 familiare
644 5662 698 5725 est,
720 5661 751 5711 ut
770 5661 901 5713 exerceat

972 4801 998 4857 ai
1014 4804 1082 4856 dnm
1101 4802 1249 4856 crederent
1272 4801 1299 4855 in
1315 4802 1485 4874 lesum‚ipso
1504 4804 1585 4861 iesus
1601 4822 1658 4861 non
1672 4826 1701 4864 se
1716 4826 1776 4865 cre·

951 4819 1038 4929 tabet
1049 4873 1099 4928 eis.
1116 4872 1282 4942 Quicunque
1295 4889 1362 4945 ergo
1378 4891 1395 4928 a
1409 4875 1519 4931 toanne
1529 4879 1777 4945 docebantur,sire

952 4945 1177 5008 instruebantur,
1194 4944 1261 5014 quia
1273 4944 1447 5014 baptismum
1464 4948 1525 5019 ejus
1545 4954 1659 5019 peccata
1683 4953 1777 5008 delere

953 5032 1009 5072 non
1024 5019 1144 5087 poterat,
1159 5015 1430 5073 catechumenorum
1442 5018 1560 5091 typhum
1573 5018 1648 5095 [Lep.
1665 5025 1776 5095 typum]

953 5086 1112 5161 praetulisse
1125 5086 1260 5141 noscendi
1275 5090 1351 5140 sunt.

990 5176 1004 5211 ιι
1025 5159 1070 5212 iit.
1084 5159 1113 5213 ln
1131 5172 1252 5228 quorum
1263 5157 1351 5213 etiam
1364 5157 1435 5214 facie
1445 5163 1617 5219 asacerdote
1628 5165 1780 5236 perexsut·

954 5228 1100 5285 dationem
1114 5230 1376 5301 signumcracisllt,
1387 5237 1416 5286 ut
1429 5237 1456 5286 et
1469 5232 1598 5289 diabolus
1612 5234 1735 5307 fugetur,
1752 5240 1780 5293 et

955 5301 1066 5358 Christo
1081 5300 1125 5355 ria
1136 5304 1322 5426 qraparetun
1332 5303 1414 5383 atqui
1423 5303 1585 5360 illecebrosa
1597 5307 1781 5379 persuasione

954 5389 1006 5428 sua
1016 5372 1127 5444 generis
1161 5372 1270 5435 amani,
1286 5375 1361 5444 quod
1375 5390 1403 5427 in
1419 5376 1575 5444 primordio
1588 5378 1631 5431 sui
1657 5380 1780 5448 spiraeu-

955 5443 1014 5499 lum
1031 5443 1094 5496 vitea
1110 5447 1266 5513 acceperat,
1294 5445 1438 5500 habitator
1452 5452 1522 5513 erat,
1547 5462 1609 5518 eJus
1633 5447 1733 5503 virtute
1753 5450 1781 5504 et
1872 5482 1878 5493 ·

954 5513 1150 5570 sacratissimo
1163 5516 1254 5585 signo,
1271 5531 1320 5586 per
1336 5515 1526 5572 ministerium
1537 5520 1729 5584 sacerdotum,
1750 5522 1782 5573 ut

955 5587 1031 5645 exire
1055 5591 1185 5657 cogatur,
1201 5586 1248 5656 qui
1271 5586 1360 5660 364
1374 5594 1402 5643 et
1414 5588 1441 5642 in
1456 5588 1609 5659 discipulos
1619 5606 1684 5644 suos
1695 5588 1782 5647 insul·

955 5657 1049 5724 ttasse,
1062 5662 1092 5713 et
1107 5655 1227 5727 Spiritus
1240 5656 1404 5713 imrnundos
1418 5658 1577 5728 increpasse
1589 5658 1699 5732 legitur.

82 5729 205 5798 presules
220 5730 257 5787 ad
273 5730 445 5784 sanetmum
461 5726 669 5810 scripturarum
684 5727 902 5799 indagationem
992 5748 1006 5781 a
1027 5729 1073 5784 ll'.
1092 5727 1207 5784 Unda-at
1220 5731 1394 5809 exercitatur
1409 5730 1483 5782 idem
1496 5731 1638 5803 malignus
1649 5730 1783 5804 Spiritus,

83 5802 108 5858 et
120 5814 217 5858 ianam
229 5798 422 5872 sobriamque
436 5798 607 5864 doctrinam,
621 5814 738 5855 omnem
749 5798 856 5856 clerum
865 5800 902 5857 ad
955 5802 989 5856 ut
1003 5804 1085 5857 exeat
1099 5803 1128 5855 et
1137 5799 1254 5855 recedat
1267 5800 1303 5855 ab
1313 5799 1363 5858 illo
1375 5801 1518 5872 plasmato
1533 5801 1607 5876 [Lep.
1617 5801 1783 5887 plasmatel,
