4062 6180
123 233 181 296 tes

125 437 210 511 [aaut
222 435 359 493 laborare.
369 436 511 491 coricenire
526 435 670 491 studebunt
678 438 791 508 [ratres.
805 435 844 491 orl
854 442 949 491 aeteri

140 509 220 633 Ἕκ
243 507 359 577 fideics;
380 515 407 563 et
435 507 552 562 canendi
576 514 638 562 sunt
661 515 759 578 septem
786 507 952 579 pestilentiae

123 527 149 635 ᾖ)
189 580 237 632 nri.
254 578 330 633 idest
345 578 402 633 duo
417 579 547 640 Domine,
563 595 597 634 ne
616 578 645 633 in
660 578 754 635 lurore
770 583 828 643 tuo,
849 585 874 633 et
888 577 950 641 duo,

123 650 254 717 Domine,
273 649 387 705 exaudi.
402 650 478 705 Beati
494 667 628 720 quorum,
651 658 676 704 et
693 650 732 705 De
766 648 905 715 rolendis,
926 656 951 704 et

125 722 259 779 Miserere
271 721 340 785 mei,
362 720 445 776 Deus.
470 724 564 793 Atque
578 721 680 791 agenda
695 728 733 776 est
747 668 856 785 litania,
870 737 911 792 pr.
922 726 953 775 ut

120 794 278 866 pemiserit
290 795 364 847 ratio
379 792 513 863 temporis,
529 799 554 847 ει
567 792 717 849 seruitium
742 793 810 863 quod
825 793 854 846 in
869 808 952 847 carisa

124 864 259 936 egressuri
271 864 390 935 perspici
404 864 511 934 poterit,
527 864 567 918 oet
581 864 724 920 estimari.
746 864 843 918 Finitis
859 870 952 919 autem

122 943 281 991 Morum
307 935 467 998 nominibus,
494 951 555 989 mor
569 934 897 1005 suscipiaturabornnitus
912 951 951 989 rc·

122 1024 233 1076 sponsus
254 1006 419 1070 Subvenite,
444 1005 535 1061 sancti
553 1004 612 1062 Dei.
640 1005 696 1070 Ouo
718 1006 805 1076 finito,
821 1004 892 1061 duat
906 1022 951 1060 sa·

122 1078 213 1134 cardos
232 1078 304 1133 banc
318 1077 473 1133 &ationem
499 1076 555 1134 siae
569 1077 821 1133 coninundationem
834 1093 884 1148 pro
898 1093 927 1132 eo
941 1093 951 1131 .·

122 1149 228 1206 Oratio
245 1148 318 1213 Tibi,
328 1148 458 1213 Domine,
466 1149 701 1204 commendamus
712 1148 841 1203 animam
852 1146 951 1202 iarnuli

122 1220 160 1275 tui
171 1220 229 1288 itt„
246 1224 279 1276 nt
292 1219 445 1276 defunctus
459 1220 564 1275 saeculo
580 1219 628 1275 tibi
644 1222 729 1284 rival,
745 1225 796 1274 cte.
811 1218 888 1273 Alia.
904 1217 952 1273 bli-

120 1291 409 1355 sericordiamtuom,
420 1290 652 1353 Dominesaoete,
670 1290 950 1359 Pateromnipolens,

119 1368 230 1419 aeterne
245 1361 459 1433 Deus.pietntis
485 1361 588 1417 allecta
612 1378 713 1433 rogare
738 1378 788 1432 pro
817 1361 881 1416 aliis
904 1377 949 1415 eo·

117 1435 226 1508 mmor,
242 1438 298 1490 etc.
315 1433 346 1489 Si
358 1441 449 1488 autern
473 1432 581 1505 quidem
604 1432 796 1504 supervixerit,
814 1438 952 1487 canantur

115 1505 170 1561 atii
179 1504 300 1571 Psalmi,
316 1504 358 1559 oei
372 1510 473 1575 aqutur
488 1504 597 1569 titania,
626 1521 761 1574 usquequo
781 1506 877 1558 anima
890 1520 950 1557 car·

4 1598 6 1649 j
113 1594 183 1650 pore
201 1576 393 1648 corruptionis
404 1574 574 1630 absolvatur:
589 1576 621 1630 ln
633 1592 712 1647 capus
722 1591 829 1646 rqressu
840 1574 953 1629 dicatur

116 1648 303 1719 Antiphone:
317 1646 460 1718 Suscipiat
473 1651 500 1702 te
516 1646 654 1711 Christus,
681 1644 728 1717 qui
742 1645 854 1700 vocavit
870 1651 906 1709 te,
923 1648 951 1700 el

115 1719 144 1775 in
159 1719 262 1775 unum
277 1718 399 1774 Abrahae
415 1717 508 1789 angeli
524 1718 666 1773 deducant
681 1722 720 1773 te.
736 1716 812 1771 Psoi.
834 1718 863 1772 ln
875 1717 951 1772 exitu

114 1790 217 1847 lsrael.
248 1789 381 1861 Sequitur
414 1790 526 1845 oratio:
555 1788 743 1860 Omnipotens
776 1787 951 1858 sempiterne

115 1863 204 1929 Deus,
218 1861 271 1933 qui
286 1864 415 1916 humano
427 1859 538 1931 corpori
554 1860 641 1933 481
659 1859 788 1916 animam
800 1859 837 1914 ad
852 1858 951 1914 simili-

115 1936 253 1990 ludinem
265 1937 349 1987 triam
361 1931 503 2002 inspirare
518 1932 652 2004 dignatus
665 1948 704 1989 es.
719 1937 772 1986 ete.
788 1932 855 1987 Item
868 1930 952 1986 Anti-

234 2004 348 2059 Chorus
373 2004 546 2074 Angelorum
570 2010 596 2059 te
615 2002 761 2073 suscipiat,
781 2006 810 2057 et
831 2001 859 2055 in
886 2000 950 2056 siau

113 2076 244 2132 Abrahae
261 2082 289 2130 ιε
304 2075 434 2140 εοΙΙοεει,
460 2079 491 2129 ut
509 2090 575 2129 enm
591 2077 695 2128 Lazaro
719 2073 865 2143 quondam
882 2089 950 2143 pau-

114 2164 183 2219 pere
199 2151 344 2202 aeternam
362 2146 467 2200 babeas
497 2145 636 2216 requiem
659 2144 761 2199 Psaim.
777 2143 866 2198 Dileri
878 2160 949 2214 quo-

507 230 544 295 ru
564 232 595 295 s.
619 192 958 295 oasooau'noaou
974 228 1309 301 sacoanenroaou
1330 233 1450 317 noro.
1497 182 1514 295 s
1581 170 1590 193 ’

124 365 213 421 onnia
227 364 259 419 ia
272 380 356 435 oqoae
368 364 415 419 rui
432 364 524 419 ocrim
545 364 721 420 dissolutione
748 364 869 436 corporis
892 364 951 418 visa
967 375 990 435 Α

1772 237 1830 323 til

1010 363 1111 420 famuli
1126 365 1165 421 toi
1175 367 1218 422 iil.
1228 368 1386 433 atterimus,
1402 383 1488 440 quem
1501 364 1704 425 hodieearnali
1715 384 1831 444 corrup·

1009 435 1085 491 tione
1099 436 1235 506 liberasti,
1252 455 1427 510 quoesumus,
1456 438 1587 504 Domine,
1614 438 1742 522 placatus
1757 444 1830 499 acci-

1008 507 1085 578 pias;
1101 514 1130 563 et
1144 509 1283 580 quidquid
1308 510 1441 567 hainame
1469 510 1639 567 conditionis
1665 513 1831 594 obreptione

1006 579 1148 633 contraxit
1163 582 1305 652 expedias,
1322 587 1362 648 ut,
1385 582 1440 636 tuis
1463 581 1610 652 purificata
1632 584 1776 650 remediis,
1793 586 1832 641 ad

1005 651 1143 721 gaudiam
1154 652 1363 720 sempiternum
1374 652 1529 724 perveniat.
1543 654 1594 707 Per
1604 652 1759 710 Dominum
1767 672 1830 712 nos·
1842 708 1846 715 .

1006 723 1190 777 trumlesnm
1208 724 1364 779 Christum.
1381 725 1424 778 Ad
1445 724 1506 778 Corn
1527 723 1642 779 luridum.
1661 725 1763 791 Prosit,
1780 728 1833 783 Do·

1006 792 1094 857 mine,
1111 811 1285 864 quaesumus,
1303 795 1406 850 ardunae
1422 741 1524 849 tomuli
1537 794 1627 849 tniill.
1639 795 1701 851 Post
1715 797 1832 853 celebra-

1006 864 1104 919 tionem
1117 864 1184 920 deni
1197 884 1233 929 ⁴uc
1245 867 1402 923 lassescat
1416 865 1539 920 sacerdos
1566 866 1640 921 'uota
1652 867 1786 936 teretrum
1806 877 1832 926 si

1005 934 1074 990 dicit
1092 935 1159 991 banc
1173 883 1345 993 thotioncm:
1360 939 1423 992 Non
1448 937 1537 993 intres
1556 884 1588 991 ln
1604 937 1743 1006 judicium
1766 958 1831 996 cum

1006 1010 1155 1071 serrotno,
1175 1007 1303 1073 Domine,
1318 1008 1373 1075 ru,
1389 1006 1632 1079 qnoniamnullus
1643 1012 1719 1080 apud
1735 1014 1762 1067 te
1771 1012 1833 1083 jus·

1006 1076 1270 1144 tiDcabiturhomo‚
1302 1079 1357 1134 nisi
1380 1096 1429 1149 per
1444 1084 1471 1134 te
1497 1079 1628 1135 omnium
1651 1085 1832 1151 poeoniorum

1006 1148 1148 1204 tribuatur
1161 1150 1303 1217 remissio,
1312 1154 1366 1205 ete.
1379 1150 1509 1223 Sequitur
1518 1151 1725 1221 Responsorium
1739 1171 1747 1208 .·
1763 1155 1833 1209 Sub·

1006 1218 1110 1283 venite,
1131 1221 1296 1276 sanctiDei.
1326 1221 1422 1277 Versus
1437 1222 1546 1277 Chorus
1572 1223 1740 1293 angelorum
1767 1242 1833 1281 eam

1006 1290 1150 1371 suscipiat,
1163 1297 1191 1348 et
1204 1293 1232 1347 in
1248 1292 1311 1347 sinu
1321 1293 1441 1348 abr-alae
1456 1310 1520 1349 eain
1531 1293 1660 1350 collocet.
1672 1294 1709 1349 Et
1724 1299 1833 1368 terlly·

1005 1361 1046 1417 rie
1062 1363 1179 1418 eleison.
1195 1363 1263 1419 Item
1279 1364 1374 1420 Oratio
1401 1364 1485 1433 Deus,
1499 1364 1544 1419 eui
1569 1364 1667 1421 arania
1682 1366 1791 1434 vivuat,
1804 1371 1834 1425 et

1006 1432 1050 1488 cui
1063 1450 1119 1488 non
1137 1439 1257 1504 pereunt
1272 1435 1421 1492 moriendo
1447 1452 1567 1506 corpora
1583 1440 1691 1501 nostra,
1708 1439 1758 1495 sed
1772 1455 1833 1495 mu-

1007 1508 1105 1559 tantur
1120 1504 1148 1559 iu
1163 1504 1275 1569 meiius,
1291 1510 1345 1561 etc.
1371 1506 1507 1577 Sequitur
1524 1507 1731 1578 Respousoriunr
1747 1511 1834 1567 Ante·

1006 1592 1094 1647 quam
1110 1592 1254 1644 nascerer,
1270 1576 1373 1633 novisti
1389 1595 1444 1634 me.
1464 1577 1560 1634 l'ersus
1582 1579 1744 1635 Commissa
1767 1597 1833 1638 mea

1007 1663 1138 1719 pavesco.
1152 1647 1189 1702 Ει
1204 1655 1247 1702 ter
1257 1648 1342 1775 Kprie
1357 1647 1473 1705 eleison.
1487 1648 1556 1704 ltenc
1571 1648 1667 1706 Oratio
1681 1650 1746 1718 Fac,
1757 1668 1833 1723 qaas·

1010 1734 1119 1783 sumus,
1138 1718 1269 1785 Domine,
1303 1737 1358 1775 ane
1372 1737 1437 1776 eain
1454 1736 1535 1776 servo
1559 1725 1606 1776 tuo
1633 1720 1767 1778 defuneto
1788 1722 1831 1779 ili.

1007 1789 1246 1857 misericordiam,
1260 1795 1313 1847 ete.
1330 1792 1490 1862 Tuncroqat
1500 1808 1677 1863 proeoorare
1692 1794 1831 1853 sacerdos:

1006 1860 1040 1915 Et
1054 1877 1090 1915 ne
1104 1877 1156 1915 nos
1172 1861 1300 1917 inducas.
1315 1862 1454 1933 Requiem
1470 1868 1621 1918 aeternam.
1639 1869 1662 1919 Α
1683 1870 1765 1936 porta
1791 1865 1833 1920 in·

1007 1930 1068 1986 ieri.
1086 1930 1181 1987 Oratio
1198 1932 1318 1997 laelios,
1335 1933 1464 1997 Domine,
1477 1950 1576 1988 aurern
1593 1938 1672 1989 tuam
1688 1935 1725 1990 ad
1738 1952 1832 2006 preces

1006 2007 1129 2064 nostras,
1143 2003 1244 2074 quibus
1256 2003 1481 2059 misericordiam
1493 2009 1572 2059 luam
1586 2005 1726 2075 supplices
1742 2006 1830 2079 482

1005 2075 1203 2144 deprecamur,
1220 2080 1276 2131 ete.
1293 2075 1330 2129 Et
1345 2076 1386 2129 sic
1401 2074 1506 2130 leuatur
1516 2074 1663 2131 deecclesia
1675 2093 1735 2131 cunc
1749 2080 1833 2133 dnti-

1001 2145 1092 2217 pbona
1107 2144 1221 2216 Aperite
1236 2144 1251 2187 b
1266 2144 1306 2201 illi
1323 2149 1421 2216 portas
1432 2146 1566 2217 justitias,
1588 2155 1613 2202 ct
1628 2147 1831 2216 Poetnaeum,

114 2289 237 2345 Oratim
286 2288 321 2342 iri
338 2287 462 2344 volneris
479 2287 605 2343 nouitate
621 2287 739 2358 perculsi
768 2290 795 2342 et
810 2287 948 2357 quodam·

114 2219 209 2281 niam,
277 2216 526 2272 uethominum
550 2233 610 2272 cum
638 2215 797 2271 tribularer.
820 2214 951 2286 Sequitur
1005 2216 1092 2279 idest,
1108 2216 1291 2272 confitemini
1321 2216 1444 2273 Domino
1460 2217 1597 2288 quoniam
1612 2218 1714 2273 bonus.
1737 2218 1773 2274 Ει
1788 2219 1832 2275 dc-

1022 2294 1132 2343 ortotur
1149 2305 1229 2359 usqae
1248 2288 1307 2342 abs
1343 2288 1462 2343 uterum.
1481 2289 1578 2344 Oratio
1592 2296 1654 2343 ante
1668 2290 1830 2362 sepulcrum.

23 2378 24 2381 ¹
113 2362 206 2417 modo
221 2359 359 2416 cordibus
372 2358 501 2423 sauciati,
528 2364 582 2414 ete.
603 2359 678 2415 Tunc
704 2365 784 2439 rapot
805 2374 949 2428 procoso·
1001 2305 1280 2415 ssiaereeordationis
1299 2304 1412 2421 affectu,
1442 2358 1546 2414 iratres
1561 2360 1731 2425 charissimi,
1752 2378 1831 2418 com·

113 2433 208 2488 urdos
222 2447 325 2486 orare:
339 2432 373 2487 m
388 2447 423 2487 ne
437 2446 489 2485 nos
508 2429 627 2485 inducas
641 2430 670 2484 in
684 2433 884 2485 tentationem.
898 2430 949 2484 Re·
1003 2432 1244 2486 memorationem
1261 2429 1400 2486 iaciamus
1410 2430 1490 2486 chari
1504 2430 1594 2487 nostri
1608 2431 1668 2497 itt,
1682 2449 1768 2503 quem
1782 2434 1832 2488 Do·

113 2504 214 2631 quiem
232 2508 387 2558 aeternam.
403 2502 507 2556 noima
519 2501 581 2572 ejus
597 2501 625 2556 in
642 2500 725 2555 bonis
740 2500 947 2555 demorabitur.
1004 2501 1101 2557 minas
1117 2502 1152 2558 de
1164 2501 1371 2558 tentationibus
1385 2501 1471 2628 hippus
1486 2501 1582 2558 saeculi
1596 2503 1762 2574 assumpsit,
1775 2508 1829 2560 etc.

23 2606 31 2629 ι
137 2581 149 2630 t
164 2592 226 2630 non
245 2574 337 2629 intres
364 2572 392 2628 in
405 2572 558 2645 judicium.
575 2573 598 2626 A
622 2575 705 2644 porta
719 2571 815 2627 inseri.
833 2571 948 2627 Partem
1004 2573 1135 2643 Sequitur
1153 2573 1313 2641 Antiphone
1328 2574 1410 2645 lngre
1431 2572 1475 2628 iar
1489 2572 1516 2628 ia
1533 2572 1626 2629 locum
1643 2574 1829 2632 tabernaculi.

114 2648 206 2703 bentae
233 2644 453 2701 resurrectionis
478 2643 616 2707 obtineat,
643 2642 788 2725 ritumque
810 2646 947 2698 aeternam
1002 2643 1105 2698 Psalm.
1123 2644 1376 2708 Quemadmodum
1398 2644 1551 2700 desideret.
1569 2644 1664 2701 Oratio
1693 2646 1830 2702 Obsecra-
1882 2652 1888 2663 '
1984 2650 1988 2659 ’

24 2750 35 2771 ι
116 2717 223 2773 hahere
240 2722 388 2773 mereatur
409 2715 438 2770 in
464 2715 552 2777 coeiis,
570 2731 618 2785 per
638 2718 664 2769 te
679 2713 793 2772 Christe
807 2715 883 2778 lesu,
899 2713 947 2784 qui
1002 2713 1830 2788 musmiscricordiamtnamomnipotensmterneDeus,qui

116 2789 187 2843 risis
200 2795 230 2844 ει
242 2804 347 2860 regnas
362 2789 434 2842 Dens
459 2803 510 2859 per
525 2788 626 2843 oninia
648 2785 752 2840 saecula
770 2786 945 2841 seculorum.
1001 2785 1146 2841 hominem
1163 2786 1198 2840 ad
1210 2785 1367 2857 imaginem
1377 2792 1457 2841 tuam
1468 2803 1566 2842 creare
1579 2787 1714 2857 dignatus
1724 2804 1764 2853 es,
1774 2794 1828 2844 ete.

5 2910 9 2919 .
115 2860 184 2917 Atio
196 2878 205 2916 .·
218 2860 305 2927 Deus,
320 2858 365 2914 eui
380 2857 433 2914 soli
452 2857 590 2928 competit
614 2856 786 2913 medicinam
810 2861 947 2927 praestaro
1000 2856 1032 2912 Sc
1051 2858 1297 2926 uiturdntiplionu
1313 2859 1377 2914 llaec
1387 2857 1499 2928 requies
1515 2874 1581 2913 mea
1595 2858 1766 2914 inscecnlum
1778 2876 1830 2916 sae·

118 2936 335 3002 postmortem,
353 2934 405 2986 etc.
426 2931 500 2986 Tunc
511 2927 864 3000 lauaturcorpusdefuncti.
878 2930 946 2983 Ora·
1001 2875 1066 2984 eali.
1083 2929 1188 2984 Psnln.
1203 2929 1356 2993 birmento,
1373 2929 1504 2993 Domine,
1523 2928 1622 2985 David.
1639 2929 1736 2985 Oratio
1754 2931 1827 2987 Deus

1 3043 10 3073 a
117 3004 227 3075 tiopost
245 3002 408 3057 lavationem
422 3001 700 3127 cerporisantequpm
716 2999 747 3054 de
762 2999 947 3082 dompeiiera·
1002 3001 1077 3125 apud
1093 3016 1178 3071 quem
1202 3004 1383 3055 mortuorum
1407 3001 1523 3072 spiritns
1538 3000 1647 3067 vivunt,
1673 3005 1702 3057 et
1727 3001 1755 3056 in
1771 3018 1828 3073 qno

116 3082 184 3131 tar:
201 3074 314 3130 Oratio.
329 3073 454 3143 suscipe,
492 3089 599 3134 omine,
615 3087 744 3126 antinum
757 3076 880 3125 sarritur
896 3078 943 3136 N.,
1004 3076 1158 3127 sectorum
1174 3071 1290 3135 animm,
1308 3071 1437 3143 deposito
1452 3072 1545 3127 carnis
1563 3088 1660 3138 onere,
1673 3072 1758 3143 plena
1769 3073 1830 3131 ieli-

116 3146 254 3218 quamde
269 3145 415 3216 ergastulo
431 3145 516 3215 bajus
531 3142 626 3198 saeculi
641 3159 741 3198 vocare
756 3140 890 3214 dignatus
904 3158 945 3201 es.
960 3124 986 3187 C
1001 3142 1084 3198 citate
1105 3143 1252 3207 letantur,
1279 3148 1332 3199 ctc.
1361 3144 1489 3215 Sequitur
1511 3144 1671 3215 Antiphone
1690 3144 1730 3200 De
1751 3148 1829 3201 terra

116 3222 170 3273 etc.
191 3217 283 3273 Atia:
300 3216 427 3287 susscipe,
454 3215 585 3278 Domine,
608 3214 733 3269 animam
754 3213 827 3269 servi
842 3214 884 3268 tui
898 3213 944 3278 N.,
1001 3214 1148 3285 plasmasti
1165 3231 1221 3271 me.
1238 3215 1343 3274 Psoln.
1355 3216 1486 3278 Domine,
1500 3215 1689 3286 probastimc.
1700 3216 1738 3273 lit
1750 3217 1828 3288 poni·

116 3290 532 3345 adtererertentemzrestcm
555 3285 701 3341 coelestem
727 3284 946 3351 indueram,et
1000 3286 1224 3357 turinscpulcro
1244 3302 1340 3359 corpus
1358 3286 1490 3356 defuncti.
1512 3286 1654 3343 Orationes
1666 3294 1724 3358 post
1739 3288 1827 3369 sepul·
1930 3290 1934 3301 '

115 3360 179 3418 lara
198 3377 267 3415 earn
283 3364 385 3413 sancto
399 3357 478 3413 fonte
492 3357 556 3413 vitoe
570 3362 691 3419 aterne,
708 3361 762 3422 ete,
794 3358 946 3412 Trinccum
1001 3363 1058 3412 tum
1072 3373 1175 3428 corpus.
1190 3360 1321 3417 Oremus,
1337 3359 1440 3413 iratres
1464 3358 1636 3424 charissimi,
1661 3359 1827 3430 prospiritn

114 3432 249 3504 Responsa
269 3427 435 3494 Subvenite,
448 3429 545 3485 Sancti
560 3428 616 3486 Dei.
629 3435 654 3483 ει
668 3427 731 3482 aliis
755 3429 889 3498 responsis
902 3427 946 3482 dc·
1000 3428 1079 3484 chari
1096 3429 1184 3484 nostri
1201 3429 1254 3495 ill,
1270 3434 1323 3485 etc.
1339 3428 1415 3483 Alio.
1430 3433 1512 3491 Dens,
1524 3429 1571 3500 qai
1584 3431 1669 3501 justis
1684 3428 1826 3502 supplica·

4 3548 5 3551 ,
111 3503 275 3573 [saumana
287 3502 466 3572 deportatar;
481 3508 505 3555 ει
520 3517 580 3555 euna
602 3499 846 3571 appropinquatum
858 3500 945 3571 suerit
1000 3499 1127 3554 tionibus
1139 3516 1254 3569 semper
1264 3505 1371 3625 praesto
1386 3516 1426 3563 es,
1441 3499 1488 3570 qai
1504 3500 1551 3570 pia
1564 3505 1629 3555 vota
1642 3500 1770 3573 dignaris
1783 3501 1825 3557 in·

112 3575 260 3638 Ecclesiae,
273 3575 390 3629 canitur
403 3572 525 3626 Psalmus
545 3570 678 3626 Miserere
700 3571 766 3629 mei.
791 3574 872 3635 Deus,
884 3588 945 3626 eum
1001 3570 1084 3634 tueri,
1100 3578 1153 3626 etc.
1166 3572 1232 3625 lum
1245 3589 1261 3625 a
1276 3572 1408 3626 iooratio.
1421 3572 1495 3627 Deus
1506 3571 1571 3627 ritae
1584 3572 1715 3638 detonet
1725 3572 1826 3628 huma·

110 3647 279 3717 antiphona
296 3644 431 3715 lte-quiem
445 3647 581 3698 aeternam
613 3643 649 3697 In
673 3642 885 3697 ecclesiauuteaa
904 3659 946 3697 re·
1000 3657 1103 3697 norum
1119 3657 1271 3712 corporum
1294 3646 1452 3768 reparator,
1481 3641 1528 3712 qui
1554 3647 1582 3697 te
1597 3658 1614 3697 a
1629 3642 1825 3767 peccatoribus

146 3714 678 3788 iescetcor·pusdesunctr,quoodasquc
695 3730 746 3784 pro
770 3714 829 3787 eires
853 3712 946 3768 animo
999 3712 1312 3778 exorariroluisti,etc.
1340 3712 1618 3778 camulianensium
1651 3728 1825 3769 omanorum

108 3735 197 3847 mssa
209 3793 342 3855 conatur,
358 3794 410 3843 eto
432 3795 529 3842 matur
540 3784 573 3839 ab
594 3784 715 3839 omnibns
734 3785 831 3856 quibus
856 3786 945 3856 fecerit
998 3785 1163 3841 animarum
1176 3790 1298 3840 {eternus
1312 3789 1425 3840 amator
1439 3801 1478 3850 es,
1505 3789 1559 3840 etc.
1579 3783 1656 3840 Atia.
1678 3784 1760 3849 Deos,
1775 3784 1825 3856 qui

108 3878 209 3917 arcuna.
225 3859 372 3931 Incipiunt
417 3858 488 3913 isse.
504 3856 607 3912 Oratio.
621 3861 799 3920 Quaesumus.
813 3855 943 3921 Domine,
994 3856 1082 3927 justis
1094 3855 1348 3927 supplicationibus
1370 3870 1484 3927 semper
1510 3860 1613 3928 praesto
1640 3872 1680 3920 es,
1707 3858 1772 3920 etc..
1793 3859 1825 3912 ut

108 3949 162 4004 pro
178 3938 233 3987 tna
248 3930 358 4002 pietate
369 3928 504 3984 miserere
512 3928 617 3984 animm
634 3926 735 3982 famuli
749 3926 787 3981 tui
801 3926 855 3990 aa..
876 3931 904 3983 et
926 3943 944 3982 a
997 3944 1081 3998 supra
1094 3926 1139 3982 sed
1148 3928 1290 3997 superiore
1298 3928 1425 3998 diffusior
1436 3928 1555 3983 actitem
1569 3927 1635 3981 aiio.
1646 3925 1824 3983 Temeritatis

107 4010 197 4060 conta
223 4002 259 4057 iis
274 4000 458 4056 irrortalilatis
470 4003 669 4061 exutametc.
702 3999 792 4054 Lectio
811 3998 944 4069 Epistulae
998 3999 1113 4070 quidem
1129 4002 1180 4067 est,
1199 3998 1330 4067 Domine,
1348 4003 1379 4054 ut
1400 3999 1488 4053 borno
1504 3998 1662 4061 hominem,
1693 3998 1823 4054 mortalis

109 4075 183 4131 ὑειιιι
200 4020 290 4130 ionii
303 4072 419 4142 apostoli
432 4070 468 4126 ad
484 4070 732 4128 Thessalonicenses.
752 4073 874 4134 Fratres,
890 4073 943 4125 No·
997 4070 1161 4128 mortalem.
1174 4070 1244 4124 cinis
1254 4070 1379 4126 cinerem
1393 4071 1440 4125 tibi
1454 4070 1576 4125 Domino
1594 4073 1649 4125 Deo
1664 4074 1763 4125 nostro
1773 4086 1823 4125 sn·

18 4146 25 4159 '
108 4147 211 4203 lomus
226 4151 327 4200 autem
340 4160 389 4198 vos
400 4142 532 4215 ignorare
546 4143 581 4197 de
596 4140 815 4202 dormientibus,
832 4147 884 4196 etc.
900 4142 943 4196 Sc·

14 4214 21 4289 j.
107 4215 370 4291 quitur-secuudum
383 4213 522 4270 ioannem.
541 4214 569 4268 ln
584 4213 632 4268 illo
647 4218 775 4283 tempore
789 4212 861 4267 dixit
876 4215 943 4267 llar-

110 4291 213 4346 tbasl
228 4289 330 4344 lesum
345 4302 352 4342 z
369 4284 499 4348 Domine,
525 4284 548 4340 si
574 4284 675 4340 fuisses
699 4284 754 4350 hic,
778 4289 831 4339 etc.
855 4283 943 4351 Super

13 4400 20 4419 .
108 4361 212 4417 obtata.
229 4359 368 4416 Animam
380 4355 597 4420 lamuiituiill.,
612 4355 743 4420 Domine,
758 4357 794 4411 ab
809 4355 943 4410 omnibus

110 4433 188 4489 vitiis
203 4436 235 4488 et
247 4428 373 4501 peccatis
388 4427 560 4484 conditionis
587 4428 717 4482 humanae
742 4426 802 4483 haec
814 4427 944 4483 absolvat

998 4143 1064 4198 dest
1077 4142 1290 4199 commendare.
1306 4146 1360 4197 etc.
1376 4143 1454 4197 Atio.
1471 4142 1603 4197 Debitum
1625 4141 1743 4197 humani
1758 4158 1824 4196 cor·

1017 4212 1075 4269 oris
1087 4212 1240 4284 sepeliendi
1255 4212 1383 4268 alliciam
1398 4212 1524 4268 fidelium
1539 4229 1618 4267 more
1634 4213 1821 4283 complentes.

996 4231 1097 4343 heum,
1112 4284 1157 4340 cai
1170 4283 1362 4349 omnivivent,
1373 4294 1385 4327 0
1397 4283 1542 4355 supliciter
1557 4285 1753 4354 deprecemur,
1767 4287 1821 4349 ete,

998 4357 1018 4411 T
1017 4372 1068 4412 unc
1077 4362 1155 4428 roqot
1168 4373 1218 4427 pro
1226 4374 1257 4411 eo
1266 4373 1347 4411 orare
1360 4355 1493 4421 sacerdm,
1509 4362 1535 4410 ει
1562 4355 1630 4411 dicit
1652 4354 1775 4426 capitula
1787 4357 1824 4409 si·

998 4435 1042 4484 cut
1054 4429 1199 4499 superius:
1220 4428 1251 4482 lit
1267 4433 1377 4498 partem
1404 4428 1493 4482 beate
1507 4426 1723 4483 resurrectionis
1750 4426 1822 4482 obti-

110 4504 233 4567 oblatio,
247 4518 312 4573 quae
323 4499 412 4556 totius
426 4500 525 4556 mundi
536 4498 600 4553 tulit
613 4498 763 4554 immolata
783 4504 941 4569 peccatum,
959 4494 981 4553 b
999 4503 1076 4564 aest,
1091 4499 1236 4570 vitamque
1256 4503 1394 4555 eternam
1409 4499 1515 4555 babere
1530 4503 1676 4554 mereatur
1688 4499 1718 4554 in
1732 4497 1821 4566 coelis,

113 4574 168 4631 Per
184 4573 357 4631 Dominum.
383 4571 531 4644 besalis,
547 4570 661 4626 AEteroe
688 4571 781 4625 Deus:
799 4569 942 4633 Quoniam

111 4645 249 4718 quamvis
260 4645 390 4700 humano
402 4641 499 4713 generi
514 4641 704 4696 mortisillale
718 4641 866 4697 conditio·
882 4657 944 4712 pee-

112 4724 178 4774 tors
199 4718 331 4772 humana
343 4713 943 4787 mentesqaecontristet,ettamenclemen·

7 4784 13 4803 ¹
114 4790 162 4845 tite
173 4794 232 4844 tuae
243 4790 321 4843 ‹lono
332 4802 382 4858 spe
393 4785 496 4841 laturae
509 4783 736 4840 immortalitatis
748 4783 895 4855 erigimur,
910 4800 944 4840 ac

116 4875 263 4916 memores
284 4857 389 4916 salutis
409 4862 524 4912 aeteram
540 4872 595 4911 non
624 4855 760 4911 timemus
778 4855 846 4911 loeis
859 4856 944 4925 hujus

114 4931 258 4987 sustinere
269 4931 432 5002 jacturam.
452 4927 595 4991 Ouoniam
609 4927 745 4982 beneflcio
771 4926 872 4995 gratiae
890 4931 945 4982 tuse

116 5003 251 5058 lldetibns
260 5002 322 5056 sits
332 5016 390 5056 non
401 4999 519 5061 tollitur,
533 4999 583 5054 sed
595 5001 722 5053 mutatur
731 5014 738 5061 ς
747 5003 832 5068 atque
841 4999 945 5053 animas

115 5089 254 5146 corporeo
270 5071 417 5144 ergastulo
432 5069 560 5126 liberatae
579 5069 695 5124 horrent
715 5068 859 5133 mortalia,
876 5071 945 5125 dum

115 5143 296 5201 immortalia
309 5146 532 5214 consequuntur.
548 5141 798 5222 Uodequaesumas
809 5146 840 5195 ut
855 5141 947 5197 iamn-

115 5216 160 5272 lns
174 5225 241 5272 tum
253 5214 299 5270 iti.
314 5216 464 5270 beatorum
479 5214 670 5267 tabernaculis
695 5212 866 5267 constitutus
880 5229 945 5268 eva·

115 5288 186 5343 sisse
197 5303 229 5343 se
241 5285 375 5341 carnales
387 5284 525 5356 glorietur
534 5282 691 5352 angustias,
708 5282 946 5353 diemque'udirii

114 5375 181 5414 cum
196 5356 306 5414 tidocin
317 5354 607 5429 rotoglorilieatioois
627 5357 778 5425 exspectet.
799 5300 880 5425 Iasio
894 5360 947 5410 Ae

116 5432 226 5487 tionem.
241 5429 324 5484 lianc
338 5427 426 5507 igitur
437 5424 711 5496 oblationemquam
724 5423 774 5480 tibi
790 5440 841 5496 pro
849 5426 947 5482 aalma

153 5581 200 5635 ·ln
211 5579 394 5645 Mamercum
405 5579 499 5632 nostra
510 5577 652 5631 contristet
659 5577 782 5641 ,umen
799 5574 855 5631 Sed
874 5596 948 5638 orror

10 5678 22 5721 a,
117 5658 163 5711 est
177 5649 353 5706 manifestas.

157 5731 167 5763 ι
190 5722 222 5777 lo
237 5717 491 5782 lls.,ilii:ctesdern
504 5714 943 5792 manrisapraintcrlineasnaiiri.

157 5813 168 5837 ·
181 5795 214 5850 ln
223 5792 296 5861 hle,
308 5790 428 5863 idclitcr
435 5791 486 5848 sed
499 5790 579 5847 mels.

1017 4586 1048 4627 er
1063 4575 1101 4635 te,
1114 4570 1225 4626 Christe
1237 4572 1311 4633 lessi,
1329 4570 1377 4641 qui
1392 4587 1458 4625 cum
1473 4571 1531 4626 Deo
1546 4570 1629 4625 Patre
1655 4569 1684 4625 iu
1713 4569 1823 4625 unitate

997 4588 1119 4712 §peritos
1130 4642 1220 4697 sancti
1235 4640 1305 4697 viris
1320 4646 1348 4697 et
1359 4658 1462 4767 regpas
1488 4641 1572 4707 Deus,
1595 4657 1645 4713 per
1656 4640 1756 4697 omnia
1770 4656 1822 4697 sae·

997 4713 1252 4769 eulasaeculorom.
1278 4719 1380 4769 Amen.
1417 4713 1494 4768 suini.
1511 4712 1643 4769 Miserere
1655 4712 1722 4776 mei,
1739 4711 1823 4774 Deus,

998 4786 1155 4839 secondum
1178 4801 1329 4855 magnam.
1359 4784 1497 4855 Requiem
1525 4788 1676 4840 aeternam.
1693 4783 1824 4854 Sequitur

999 4856 1096 4912 Oratio
1110 4873 1118 4910 .·
1130 4857 1261 4914 Absolve.
1278 4856 1407 4919 Domine,
1421 4855 1551 4912 animam
1568 4855 1667 4911 tumuli
1681 4855 1721 4910 toi
1737 4854 1823 4909 ribah

1000 4927 1079 4982 cinni
1095 4926 1208 4982 vincalo
1223 4926 1402 4988 delictorum,
1419 4932 1449 4981 at
1461 4926 1490 4981 in
1505 4926 1721 4982 resurrectionis
1731 4924 1824 4995 gloria

999 4997 1075 5054 inter
1089 5005 1204 5053 sanctos
1219 5001 1282 5053 turos
1295 4998 1480 5054 resuscitatas
1507 4997 1636 5069 respiret.
1663 5001 1715 5053 Per
1728 4997 1824 5052 Domi·

1000 5086 1067 5125 num
1077 5071 1374 5135 nostrum,eto.dmea
1389 5068 1591 5140 Requiescatin
1601 5084 1680 5140 pace.
1695 5073 1822 5124 Amano

1037 5143 1179 5197 Hactenus
1188 5140 1314 5196 cilicium
1322 5144 1522 5211 exsequiarum
1535 5157 1568 5196 ex
1577 5141 1679 5196 Codice
1688 5139 1801 5195 astaldi
1813 5155 1821 5204 3

1000 5212 1029 5268 in
1042 5229 1098 5284 quo
1113 5212 1206 5283 primo
1217 5213 1377 5267 notandum
1388 5217 1432 5268 est
1445 5212 1605 5283 lagendum
1620 5211 1695 5268 sumi
1711 5227 1762 5283 pro
1776 5209 1824 5265 oi·

1001 5283 1065 5340 flcio
1081 5283 1186 5339 divino.
1212 5286 1333 5339 Sanctus
1353 5284 1529 5348 benedictas,
1555 5300 1617 5356 cap.
1640 5284 1674 5339 13
1699 5282 1822 5352 regulae:

1000 5355 1201 5483 Phpedouqcpda
1213 5356 1348 5412 murrina
1357 5356 1398 5411 oei
1407 5357 1562 5429 vespertina
1572 5372 1624 5411 non
1633 5360 1755 5411 transeat
1768 5351 1825 5408 aii·

998 5442 1051 5498 qua
1106 5444 1178 5496 ,oa

1037 5577 1095 5634 dtu
1108 5577 1179 5634 Edit.
1210 5578 1311 5634 Pamal.
1338 5576 1440 5649 legitur
1456 5597 1463 5638 :
1479 5578 1510 5634 in
1523 5576 1628 5646 agenda
1652 5575 1825 5630 mortuorum

1004 5650 1204 5708 oratiuncula
1227 5648 1297 5708 Cod.
1319 5652 1389 5720 lieg.
1409 5649 1509 5713 Sacc„
1534 5651 1597 5703 item
1622 5647 1686 5703 alia
1701 5645 1823 5723 Orobis

1001 5724 1107 5793 agenda
1135 5729 1314 5778 mortuorum.
1337 5725 1418 5778 Porro
1445 5718 1621 5775 doctissimas
1650 5714 1825 5795 Quesnelbus

1003 5800 1096 5852 censet
1109 5793 1253 5866 mendam,
1268 5793 1298 5851 ia
1315 5791 1394 5850 libris
1417 5789 1553 5863 liturgicis
1569 5789 1644 5847 idam
1666 5786 1826 5861 sigmllcarc
1880 5802 1888 5813 ¹
