<?xml version="1.0" encoding="UTF-8"?>
<!DOCTYPE html PUBLIC "-//W3C//DTD XHTML 1.0 Transitional//EN"
    "http://www.w3.org/TR/xhtml1/DTD/xhtml1-transitional.dtd">
<html xmlns="http://www.w3.org/1999/xhtml" xml:lang="en" lang="en">
 <head>
  <title>
</title>
<meta http-equiv="Content-Type" content="text/html;charset=utf-8" />
  <meta name='ocr-system' content='tesseract 3.04.00' />
  <meta name='ocr-capabilities' content='ocr_page ocr_carea ocr_par ocr_line ocrx_word'/>
</head>
<body>
  <div class='ocr_page' id='page_1' title='image "./patrologiaecurs218unkngoog_0142.png"; bbox 0 0 4034 6180; ppageno 0'>
   <div class='ocr_carea' id='block_1_1' title="bbox 201 237 263 310">
    <p class='ocr_par' dir='ltr' id='par_1_1' title="bbox 201 237 263 310">
     <span class='ocr_line' id='line_1_1' title="bbox 201 237 263 310; baseline 0 0"><span class='ocrx_word' id='word_1_1' title='bbox 201 237 263 310; x_wconf 77' lang='lat' dir='ltr'><strong>tri</strong></span> 
     </span>
    </p>
   </div>
   <div class='ocr_carea' id='block_1_2' title="bbox 578 186 1514 311">
    <p class='ocr_par' dir='ltr' id='par_1_2' title="bbox 578 186 1514 311">
     <span class='ocr_line' id='line_1_2' title="bbox 578 186 1514 311; baseline -0.006 0"><span class='ocrx_word' id='word_1_2' title='bbox 578 186 669 311; x_wconf 69' lang='lat' dir='ltr'><strong>lN&#39;h.</strong></span> <span class='ocrx_word' id='word_1_3' title='bbox 690 242 865 309; x_wconf 78' lang='lat' dir='ltr'><strong>GREGOth</strong></span> <span class='ocrx_word' id='word_1_4' title='bbox 885 239 1373 307; x_wconf 72' lang='lat' dir='ltr'><strong>urnamstoanuaurouun</strong></span> <span class='ocrx_word' id='word_1_5' title='bbox 1395 236 1514 307; x_wconf 70' lang='lat' dir='ltr'><strong>norm.</strong></span> 
     </span>
    </p>
   </div>
   <div class='ocr_carea' id='block_1_3' title="bbox 1842 232 1906 303">
    <p class='ocr_par' dir='ltr' id='par_1_3' title="bbox 1842 232 1906 303">
     <span class='ocr_line' id='line_1_3' title="bbox 1842 232 1906 303; baseline 0.031 -2"><span class='ocrx_word' id='word_1_6' title='bbox 1842 232 1906 303; x_wconf 68' lang='lat' dir='ltr'><strong>iti</strong></span> 
     </span>
    </p>
   </div>
   <div class='ocr_carea' id='block_1_4' title="bbox 150 367 1905 719">
    <p class='ocr_par' dir='ltr' id='par_1_4' title="bbox 150 367 1905 719">
     <span class='ocr_line' id='line_1_4' title="bbox 201 367 1905 451; baseline -0.006 -14"><span class='ocrx_word' id='word_1_7' title='bbox 201 377 313 437; x_wconf 86' lang='lat' dir='ltr'><strong>toribus</strong></span> <span class='ocrx_word' id='word_1_8' title='bbox 329 378 366 434; x_wconf 82' lang='lat' dir='ltr'><strong>et¹</strong></span> <span class='ocrx_word' id='word_1_9' title='bbox 386 373 559 451; x_wconf 84' lang='lat' dir='ltr'><strong>principibus</strong></span> <span class='ocrx_word' id='word_1_10' title='bbox 581 379 676 435; x_wconf 84' lang='lat' dir='ltr'><strong>exstet</strong></span> <span class='ocrx_word' id='word_1_11' title='bbox 702 377 731 435; x_wconf 90' lang='lat' dir='ltr'><strong>in</strong></span> <span class='ocrx_word' id='word_1_12' title='bbox 748 376 884 435; x_wconf 80' lang='lat' dir='ltr'><strong>omnibus</strong></span> <span class='ocrx_word' id='word_1_13' title='bbox 900 372 1025 441; x_wconf 78' lang='lat' dir='ltr'><strong>liturgiis</strong></span> <span class='ocrx_word' id='word_1_14' title='bbox 1039 373 1064 441; x_wconf 75' lang='grc' dir='ltr'><strong>Α</strong></span> <span class='ocrx_word' id='word_1_15' title='bbox 1080 390 1211 449; x_wconf 84' lang='lat' dir='ltr'><strong>compage</strong></span> <span class='ocrx_word' id='word_1_16' title='bbox 1221 375 1348 445; x_wconf 80' lang='lat' dir='ltr'><strong>corporis</strong></span> <span class='ocrx_word' id='word_1_17' title='bbox 1363 372 1482 431; x_wconf 84' lang='lat' dir='ltr'><strong>Giristi.</strong></span> <span class='ocrx_word' id='word_1_18' title='bbox 1501 370 1589 445; x_wconf 64' lang='lat'><strong>285</strong></span> <span class='ocrx_word' id='word_1_19' title='bbox 1604 367 1714 428; x_wconf 76' lang='lat' dir='ltr'><strong>Etrota</strong></span> <span class='ocrx_word' id='word_1_20' title='bbox 1727 372 1796 427; x_wconf 85' lang='lat' dir='ltr'><strong>sunt</strong></span> <span class='ocrx_word' id='word_1_21' title='bbox 1813 384 1905 427; x_wconf 74' lang='lat' dir='ltr'><strong>sacres</strong></span> 
     </span>
     <span class='ocr_line' id='line_1_5' title="bbox 201 446 1023 524; baseline -0.007 -17"><span class='ocrx_word' id='word_1_22' title='bbox 201 449 649 524; x_wconf 76' lang='lat' dir='ltr'><strong>juataantiquummorem,quem</strong></span> <span class='ocrx_word' id='word_1_23' title='bbox 658 449 751 520; x_wconf 81' lang='lat' dir='ltr'><strong>tangit</strong></span> <span class='ocrx_word' id='word_1_24' title='bbox 762 453 878 504; x_wconf 88' lang='lat' dir='ltr'><strong>sanctus</strong></span> <span class='ocrx_word' id='word_1_25' title='bbox 891 446 1023 518; x_wconf 87' lang='lat' dir='ltr'><strong>Cyrillas,</strong></span> 
     </span>
     <span class='ocr_line' id='line_1_6' title="bbox 203 519 1024 595; baseline -0.012 -18"><span class='ocrx_word' id='word_1_26' title='bbox 203 519 343 579; x_wconf 77' lang='lat' dir='ltr'><strong>catechesi</strong></span> <span class='ocrx_word' id='word_1_27' title='bbox 364 535 450 590; x_wconf 87' lang='lat' dir='ltr'><strong>supra</strong></span> <span class='ocrx_word' id='word_1_28' title='bbox 469 519 567 585; x_wconf 83' lang='lat' dir='ltr'><strong>citata,</strong></span> <span class='ocrx_word' id='word_1_29' title='bbox 582 520 790 595; x_wconf 74' lang='grc' dir='ltr'>παρακαλοῦμεν,</span> <span class='ocrx_word' id='word_1_30' title='bbox 810 524 876 582; x_wconf 77' lang='lat' dir='ltr'><strong>etc,</strong></span> <span class='ocrx_word' id='word_1_31' title='bbox 892 519 957 590; x_wconf 74' lang='lat' dir='ltr'><strong>trip</strong></span> <span class='ocrx_word' id='word_1_32' title='bbox 972 524 1024 568; x_wconf 78' lang='lat' dir='ltr'><strong>rou</strong></span> 
     </span>
     <span class='ocr_line' id='line_1_7' title="bbox 150 588 1026 719; baseline -0.001 -74"><span class='ocrx_word' id='word_1_33' title='bbox 150 654 155 661; x_wconf 29' lang='lat'><strong><em>¹</em></strong></span> <span class='ocrx_word' id='word_1_34' title='bbox 204 590 344 719; x_wconf 47' lang='lat' dir='ltr'><strong>arcticus,</strong></span> <span class='ocrx_word' id='word_1_35' title='bbox 361 589 391 646; x_wconf 92' lang='lat' dir='ltr'><strong>id</strong></span> <span class='ocrx_word' id='word_1_36' title='bbox 410 594 460 653; x_wconf 89' lang='lat' dir='ltr'><strong>est,</strong></span> <span class='ocrx_word' id='word_1_37' title='bbox 479 608 639 661; x_wconf 90' lang='lat' dir='ltr'><strong>precamur,</strong></span> <span class='ocrx_word' id='word_1_38' title='bbox 664 596 729 654; x_wconf 77' lang='lat' dir='ltr'><strong>etc..</strong></span> <span class='ocrx_word' id='word_1_39' title='bbox 745 608 796 662; x_wconf 86' lang='lat' dir='ltr'><strong>pro</strong></span> <span class='ocrx_word' id='word_1_40' title='bbox 820 590 943 660; x_wconf 87' lang='lat' dir='ltr'><strong>regibus.</strong></span> <span class='ocrx_word' id='word_1_41' title='bbox 960 588 1026 644; x_wconf 87' lang='lat' dir='ltr'><strong>&#39;ler-</strong></span> 
     </span>
    </p>
   </div>
   <div class='ocr_carea' id='block_1_5' title="bbox 204 661 1033 1723">
    <p class='ocr_par' dir='ltr' id='par_1_5' title="bbox 204 661 1028 1214">
     <span class='ocr_line' id='line_1_8' title="bbox 238 661 1026 744; baseline -0.003 -28"><span class='ocrx_word' id='word_1_42' title='bbox 238 662 351 724; x_wconf 87' lang='lat' dir='ltr'><strong>llianns,</strong></span> <span class='ocrx_word' id='word_1_43' title='bbox 361 661 408 716; x_wconf 91' lang='lat' dir='ltr'><strong>lib.</strong></span> <span class='ocrx_word' id='word_1_44' title='bbox 419 664 455 716; x_wconf 87' lang='lat' dir='ltr'><strong>ad</strong></span> <span class='ocrx_word' id='word_1_45' title='bbox 465 661 616 731; x_wconf 89' lang='lat' dir='ltr'><strong>Scapulam</strong></span> <span class='ocrx_word' id='word_1_46' title='bbox 629 679 636 718; x_wconf 75' lang='grc' dir='ltr'>ι</span> <span class='ocrx_word' id='word_1_47' title='bbox 647 662 753 732; x_wconf 84' lang='lat' dir='ltr'><strong>ltugue</strong></span> <span class='ocrx_word' id='word_1_48' title='bbox 765 664 963 744; x_wconf 70' lang='lat' dir='ltr'><strong>somficomus</strong></span> <span class='ocrx_word' id='word_1_49' title='bbox 971 674 1026 728; x_wconf 87' lang='lat' dir='ltr'><strong>pro</strong></span> 
     </span>
     <span class='ocr_line' id='line_1_9' title="bbox 204 732 1027 800; baseline -0.006 -9"><span class='ocrx_word' id='word_1_50' title='bbox 204 733 297 791; x_wconf 82' lang='lat' dir='ltr'><strong>solute</strong></span> <span class='ocrx_word' id='word_1_51' title='bbox 305 732 503 800; x_wconf 79' lang='lat' dir='ltr'><strong>imperatoris,</strong></span> <span class='ocrx_word' id='word_1_52' title='bbox 516 733 562 789; x_wconf 86' lang='lat' dir='ltr'><strong>scd</strong></span> <span class='ocrx_word' id='word_1_53' title='bbox 572 735 889 799; x_wconf 70' lang='lat' dir='ltr'><strong>hermeneumatis.</strong></span> <span class='ocrx_word' id='word_1_54' title='bbox 906 734 939 787; x_wconf 82' lang='lat' dir='ltr'><strong>Et</strong></span> <span class='ocrx_word' id='word_1_55' title='bbox 947 746 1027 786; x_wconf 78' lang='lat' dir='ltr'><strong>saruc-</strong></span> 
     </span>
     <span class='ocr_line' id='line_1_10' title="bbox 204 803 1027 874; baseline -0.006 -14"><span class='ocrx_word' id='word_1_56' title='bbox 204 809 250 860; x_wconf 87' lang='lat' dir='ltr'><strong>tus</strong></span> <span class='ocrx_word' id='word_1_57' title='bbox 264 803 440 867; x_wconf 82' lang='lat' dir='ltr'><strong>ambrosius,</strong></span> <span class='ocrx_word' id='word_1_58' title='bbox 455 803 503 858; x_wconf 91' lang='lat' dir='ltr'><strong>lib.</strong></span> <span class='ocrx_word' id='word_1_59' title='bbox 520 821 547 858; x_wconf 83' lang='grc' dir='ltr'><strong>ιι</strong></span> <span class='ocrx_word' id='word_1_60' title='bbox 560 804 595 860; x_wconf 92' lang='lat' dir='ltr'><strong>de</strong></span> <span class='ocrx_word' id='word_1_61' title='bbox 612 805 816 867; x_wconf 84' lang='lat' dir='ltr'><strong>Sacramentis,</strong></span> <span class='ocrx_word' id='word_1_62' title='bbox 833 820 894 874; x_wconf 88' lang='lat' dir='ltr'><strong>cap.</strong></span> <span class='ocrx_word' id='word_1_63' title='bbox 911 808 943 858; x_wconf 78' lang='lat' dir='ltr'><strong>t:</strong></span> <span class='ocrx_word' id='word_1_64' title='bbox 956 806 1027 855; x_wconf 74' lang='lat' dir='ltr'><strong>tlon-</strong></span> 
     </span>
     <span class='ocr_line' id='line_1_11' title="bbox 205 873 1027 945; baseline -0.004 -15"><span class='ocrx_word' id='word_1_65' title='bbox 205 875 322 930; x_wconf 87' lang='lat' dir='ltr'><strong>scrrotio</strong></span> <span class='ocrx_word' id='word_1_66' title='bbox 331 874 421 941; x_wconf 82' lang='lat' dir='ltr'><strong>igitur</strong></span> <span class='ocrx_word' id='word_1_67' title='bbox 428 875 531 943; x_wconf 77' lang='lat' dir='ltr'><strong>gruibus</strong></span> <span class='ocrx_word' id='word_1_68' title='bbox 542 876 634 931; x_wconf 86' lang='lat' dir='ltr'><strong>uerbis</strong></span> <span class='ocrx_word' id='word_1_69' title='bbox 641 879 721 938; x_wconf 68' lang='lat' dir='ltr'><strong>estet</strong></span> <span class='ocrx_word' id='word_1_70' title='bbox 729 876 827 945; x_wconf 81' lang='lat' dir='ltr'><strong>quibus</strong></span> <span class='ocrx_word' id='word_1_71' title='bbox 835 873 1027 929; x_wconf 74' lang='lat' dir='ltr'><strong>sermonibus?</strong></span> 
     </span>
     <span class='ocr_line' id='line_1_12' title="bbox 205 944 1028 1016; baseline -0.006 -14"><span class='ocrx_word' id='word_1_72' title='bbox 205 946 272 1002; x_wconf 74' lang='lat' dir='ltr'><strong>risu</strong></span> <span class='ocrx_word' id='word_1_73' title='bbox 287 944 399 999; x_wconf 76' lang='lat' dir='ltr'><strong>Christi.</strong></span> <span class='ocrx_word' id='word_1_74' title='bbox 414 944 483 1000; x_wconf 87' lang='lat' dir='ltr'><strong>Nom</strong></span> <span class='ocrx_word' id='word_1_75' title='bbox 500 946 607 1015; x_wconf 84' lang='lat' dir='ltr'><strong>retiguu</strong></span> <span class='ocrx_word' id='word_1_76' title='bbox 621 947 712 1001; x_wconf 89' lang='lat' dir='ltr'><strong>omnia</strong></span> <span class='ocrx_word' id='word_1_77' title='bbox 726 946 942 1016; x_wconf 72' lang='lat' dir='ltr'><strong>condirentur,</strong></span> <span class='ocrx_word' id='word_1_78' title='bbox 965 946 1028 999; x_wconf 82' lang='lat' dir='ltr'><strong>tous</strong></span> 
     </span>
     <span class='ocr_line' id='line_1_13' title="bbox 205 1015 1027 1087; baseline -0.006 -14"><span class='ocrx_word' id='word_1_79' title='bbox 205 1016 263 1073; x_wconf 85' lang='lat' dir='ltr'><strong>Deo</strong></span> <span class='ocrx_word' id='word_1_80' title='bbox 273 1015 410 1082; x_wconf 70' lang='lat' dir='ltr'><strong>defertur.</strong></span> <span class='ocrx_word' id='word_1_81' title='bbox 426 1015 560 1072; x_wconf 87' lang='lat' dir='ltr'><strong>Oratione</strong></span> <span class='ocrx_word' id='word_1_82' title='bbox 572 1018 674 1084; x_wconf 85' lang='lat' dir='ltr'><strong>petitur</strong></span> <span class='ocrx_word' id='word_1_83' title='bbox 691 1032 746 1083; x_wconf 84' lang='lat' dir='ltr'><strong>pro</strong></span> <span class='ocrx_word' id='word_1_84' title='bbox 770 1016 877 1086; x_wconf 79' lang='lat' dir='ltr'><strong>papatu,</strong></span> <span class='ocrx_word' id='word_1_85' title='bbox 893 1031 944 1087; x_wconf 85' lang='lat' dir='ltr'><strong>pro</strong></span> <span class='ocrx_word' id='word_1_86' title='bbox 958 1031 1027 1086; x_wconf 80' lang='lat' dir='ltr'><strong>regu·</strong></span> 
     </span>
     <span class='ocr_line' id='line_1_14' title="bbox 207 1085 1025 1214; baseline -0.001 -74"><span class='ocrx_word' id='word_1_87' title='bbox 207 1087 264 1214; x_wconf 49' lang='grc' dir='ltr'><strong>ξιξ,</strong></span> <span class='ocrx_word' id='word_1_88' title='bbox 274 1102 326 1155; x_wconf 86' lang='lat' dir='ltr'><strong>pro</strong></span> <span class='ocrx_word' id='word_1_89' title='bbox 339 1087 456 1143; x_wconf 73' lang='lat' dir='ltr'><strong>autema</strong></span> <span class='ocrx_word' id='word_1_90' title='bbox 471 1087 558 1158; x_wconf 84' lang='lat' dir='ltr'><strong>idque</strong></span> <span class='ocrx_word' id='word_1_91' title='bbox 568 1087 823 1158; x_wconf 79' lang='lat' dir='ltr'><strong>justadoctrinam</strong></span> <span class='ocrx_word' id='word_1_92' title='bbox 838 1085 1025 1152; x_wconf 88' lang='lat' dir='ltr'><strong>sanctiPauli,</strong></span> 
     </span>
    </p>

    <p class='ocr_par' dir='ltr' id='par_1_6' title="bbox 254 1172 347 1211">
     <span class='ocr_line' id='line_1_15' title="bbox 254 1172 347 1211; baseline -0.011 0"><span class='ocrx_word' id='word_1_93' title='bbox 254 1173 304 1211; x_wconf 81' lang='lat' dir='ltr'><strong>rm.</strong></span> <span class='ocrx_word' id='word_1_94' title='bbox 316 1172 347 1211; x_wconf 89' lang='grc' dir='ltr'><strong>ιι.</strong></span> 
     </span>
    </p>

    <p class='ocr_par' dir='ltr' id='par_1_7' title="bbox 206 1226 1033 1723">
     <span class='ocr_line' id='line_1_16' title="bbox 244 1226 1030 1287; baseline -0.003 -5"><span class='ocrx_word' id='word_1_95' title='bbox 244 1228 288 1283; x_wconf 80' lang='lat' dir='ltr'><strong>st.</strong></span> <span class='ocrx_word' id='word_1_96' title='bbox 302 1228 339 1282; x_wconf 84' lang='lat' dir='ltr'><strong>Et</strong></span> <span class='ocrx_word' id='word_1_97' title='bbox 351 1226 475 1282; x_wconf 76' lang='lat' dir='ltr'><strong>oninibuc</strong></span> <span class='ocrx_word' id='word_1_98' title='bbox 491 1227 730 1287; x_wconf 73' lang='lat' dir='ltr'><strong>orthodoxiaetc.</strong></span> <span class='ocrx_word' id='word_1_99' title='bbox 745 1228 811 1283; x_wconf 82' lang='lat' dir='ltr'><strong>lisso</strong></span> <span class='ocrx_word' id='word_1_100' title='bbox 825 1228 911 1284; x_wconf 86' lang='lat' dir='ltr'><strong>verba</strong></span> <span class='ocrx_word' id='word_1_101' title='bbox 926 1228 1030 1282; x_wconf 85' lang='lat' dir='ltr'><strong>desunt</strong></span> 
     </span>
     <span class='ocr_line' id='line_1_17' title="bbox 207 1297 1030 1370; baseline -0.004 -15"><span class='ocrx_word' id='word_1_102' title='bbox 207 1298 236 1357; x_wconf 91' lang='lat' dir='ltr'><strong>in</strong></span> <span class='ocrx_word' id='word_1_103' title='bbox 250 1299 301 1354; x_wconf 84' lang='lat' dir='ltr'><strong>lis.</strong></span> <span class='ocrx_word' id='word_1_104' title='bbox 317 1297 478 1354; x_wconf 84' lang='lat' dir='ltr'><strong>Pontificeli</strong></span> <span class='ocrx_word' id='word_1_105' title='bbox 492 1297 727 1370; x_wconf 82' lang='lat' dir='ltr'><strong>llothomagensi,</strong></span> <span class='ocrx_word' id='word_1_106' title='bbox 744 1298 773 1354; x_wconf 91' lang='lat' dir='ltr'><strong>in</strong></span> <span class='ocrx_word' id='word_1_107' title='bbox 786 1299 858 1354; x_wconf 83' lang='lat' dir='ltr'><strong>teria</strong></span> <span class='ocrx_word' id='word_1_108' title='bbox 868 1299 885 1352; x_wconf 76' lang='grc'>5</span> <span class='ocrx_word' id='word_1_109' title='bbox 896 1298 925 1353; x_wconf 91' lang='lat' dir='ltr'><strong>in</strong></span> <span class='ocrx_word' id='word_1_110' title='bbox 942 1299 1030 1353; x_wconf 80' lang='lat' dir='ltr'><strong>Cinna</strong></span> 
     </span>
     <span class='ocr_line' id='line_1_18' title="bbox 208 1367 1029 1451; baseline -0.002 -26"><span class='ocrx_word' id='word_1_111' title='bbox 208 1367 346 1433; x_wconf 89' lang='lat' dir='ltr'><strong>Domini;</strong></span> <span class='ocrx_word' id='word_1_112' title='bbox 366 1372 394 1424; x_wconf 88' lang='lat' dir='ltr'><strong>ei</strong></span> <span class='ocrx_word' id='word_1_113' title='bbox 407 1368 585 1451; x_wconf 84' lang='lat' dir='ltr'><strong>iiicrologus,</strong></span> <span class='ocrx_word' id='word_1_114' title='bbox 612 1369 642 1424; x_wconf 93' lang='lat' dir='ltr'><strong>in</strong></span> <span class='ocrx_word' id='word_1_115' title='bbox 671 1369 922 1426; x_wconf 80' lang='lat' dir='ltr'><strong>observationibus</strong></span> <span class='ocrx_word' id='word_1_116' title='bbox 943 1369 1029 1423; x_wconf 86' lang='lat' dir='ltr'><strong>eccle·</strong></span> 
     </span>
     <span class='ocr_line' id='line_1_19' title="bbox 208 1439 1031 1510; baseline -0.002 -14"><span class='ocrx_word' id='word_1_117' title='bbox 208 1439 340 1504; x_wconf 75' lang='lat' dir='ltr'><strong>eleaticis,</strong></span> <span class='ocrx_word' id='word_1_118' title='bbox 351 1456 384 1494; x_wconf 90' lang='lat' dir='ltr'><strong>ce</strong></span> <span class='ocrx_word' id='word_1_119' title='bbox 408 1480 415 1494; x_wconf 91' lang='lat'><strong>.</strong></span> <span class='ocrx_word' id='word_1_120' title='bbox 430 1441 474 1510; x_wconf 78' lang='lat' dir='ltr'><strong>ts,</strong></span> <span class='ocrx_word' id='word_1_121' title='bbox 487 1440 587 1496; x_wconf 81' lang='lat' dir='ltr'><strong>scribit</strong></span> <span class='ocrx_word' id='word_1_122' title='bbox 598 1440 660 1495; x_wconf 84' lang='lat' dir='ltr'><strong>haec</strong></span> <span class='ocrx_word' id='word_1_123' title='bbox 674 1442 761 1497; x_wconf 80' lang='lat' dir='ltr'><strong>rerba</strong></span> <span class='ocrx_word' id='word_1_124' title='bbox 788 1440 816 1496; x_wconf 92' lang='lat' dir='ltr'><strong>in</strong></span> <span class='ocrx_word' id='word_1_125' title='bbox 842 1442 956 1496; x_wconf 91' lang='lat' dir='ltr'><strong>Canone</strong></span> <span class='ocrx_word' id='word_1_126' title='bbox 969 1455 1031 1495; x_wconf 89' lang='lat' dir='ltr'><strong>esse</strong></span> 
     </span>
     <span class='ocr_line' id='line_1_20' title="bbox 209 1456 1032 1594; baseline -0.004 -27"><span class='ocrx_word' id='word_1_127' title='bbox 209 1511 369 1594; x_wconf 77' lang='lat' dir='ltr'><strong>superflua:</strong></span> <span class='ocrx_word' id='word_1_128' title='bbox 385 1456 458 1593; x_wconf 77' lang='lat' dir='ltr'><strong>item</strong></span> <span class='ocrx_word' id='word_1_129' title='bbox 472 1515 534 1581; x_wconf 84' lang='lat' dir='ltr'><strong>post</strong></span> <span class='ocrx_word' id='word_1_130' title='bbox 546 1513 773 1568; x_wconf 83' lang='lat' dir='ltr'><strong>nomendomini</strong></span> <span class='ocrx_word' id='word_1_131' title='bbox 786 1527 879 1580; x_wconf 75' lang='lat' dir='ltr'><strong>pepe,</strong></span> <span class='ocrx_word' id='word_1_132' title='bbox 897 1514 955 1567; x_wconf 82' lang='lat' dir='ltr'><strong>siue</strong></span> <span class='ocrx_word' id='word_1_133' title='bbox 968 1527 1032 1581; x_wconf 87' lang='lat' dir='ltr'><strong>pro·</strong></span> 
     </span>
     <span class='ocr_line' id='line_1_21' title="bbox 206 1583 1033 1652; baseline -0.002 -13"><span class='ocrx_word' id='word_1_134' title='bbox 206 1597 272 1652; x_wconf 77' lang='lat' dir='ltr'><strong>prat</strong></span> <span class='ocrx_word' id='word_1_135' title='bbox 285 1597 408 1652; x_wconf 76' lang='lat' dir='ltr'><strong>caucam</strong></span> <span class='ocrx_word' id='word_1_136' title='bbox 423 1583 579 1650; x_wconf 84' lang='lat' dir='ltr'><strong>adjiciunt,</strong></span> <span class='ocrx_word' id='word_1_137' title='bbox 595 1583 1033 1652; x_wconf 78' lang='lat' dir='ltr'><strong>etomnibusortdodocisotguc</strong></span> 
     </span>
     <span class='ocr_line' id='line_1_22' title="bbox 209 1653 1027 1723; baseline -0.002 -14"><span class='ocrx_word' id='word_1_138' title='bbox 209 1653 351 1709; x_wconf 78' lang='lat' dir='ltr'><strong>catholice</strong></span> <span class='ocrx_word' id='word_1_139' title='bbox 362 1661 387 1707; x_wconf 91' lang='lat' dir='ltr'><strong>et</strong></span> <span class='ocrx_word' id='word_1_140' title='bbox 398 1653 552 1721; x_wconf 76' lang='lat' dir='ltr'><strong>apostolice</strong></span> <span class='ocrx_word' id='word_1_141' title='bbox 564 1653 630 1721; x_wconf 81' lang='lat' dir='ltr'><strong>tldci</strong></span> <span class='ocrx_word' id='word_1_142' title='bbox 643 1653 807 1718; x_wconf 79' lang='lat' dir='ltr'><strong>cultoribm3</strong></span> <span class='ocrx_word' id='word_1_143' title='bbox 820 1654 865 1708; x_wconf 80' lang='lat' dir='ltr'><strong>aed</strong></span> <span class='ocrx_word' id='word_1_144' title='bbox 877 1654 1027 1723; x_wconf 76' lang='lat' dir='ltr'><strong>superduc.</strong></span> 
     </span>
    </p>
   </div>
   <div class='ocr_carea' id='block_1_6' title="bbox 209 1723 1069 1796">
    <p class='ocr_par' dir='ltr' id='par_1_8' title="bbox 209 1723 1069 1796">
     <span class='ocr_line' id='line_1_23' title="bbox 209 1723 1069 1796; baseline -0.005 -15"><span class='ocrx_word' id='word_1_145' title='bbox 209 1723 287 1781; x_wconf 89' lang='lat' dir='ltr'><strong>Nom</strong></span> <span class='ocrx_word' id='word_1_146' title='bbox 301 1724 373 1780; x_wconf 87' lang='lat' dir='ltr'><strong>ordo</strong></span> <span class='ocrx_word' id='word_1_147' title='bbox 386 1726 484 1779; x_wconf 84' lang='lat' dir='ltr'><strong>atatim</strong></span> <span class='ocrx_word' id='word_1_148' title='bbox 498 1724 529 1778; x_wconf 87' lang='lat' dir='ltr'><strong>iu</strong></span> <span class='ocrx_word' id='word_1_149' title='bbox 539 1731 667 1795; x_wconf 79' lang='lat' dir='ltr'><strong>sequenti</strong></span> <span class='ocrx_word' id='word_1_150' title='bbox 677 1740 769 1789; x_wconf 83' lang='lat' dir='ltr'><strong>uersu,</strong></span> <span class='ocrx_word' id='word_1_151' title='bbox 785 1723 961 1781; x_wconf 75' lang='lat' dir='ltr'><strong>ubidicitur.</strong></span> <span class='ocrx_word' id='word_1_152' title='bbox 973 1724 1033 1779; x_wconf 83' lang='lat' dir='ltr'><strong>Mc·</strong></span> <span class='ocrx_word' id='word_1_153' title='bbox 1046 1736 1069 1796; x_wconf 77' lang='lat' dir='ltr'><strong>g</strong></span> 
     </span>
    </p>
   </div>
   <div class='ocr_carea' id='block_1_7' title="bbox 207 1793 1037 3070">
    <p class='ocr_par' dir='ltr' id='par_1_9' title="bbox 207 1793 1034 2276">
     <span class='ocr_line' id='line_1_24' title="bbox 210 1793 1031 1866; baseline -0.001 -17"><span class='ocrx_word' id='word_1_154' title='bbox 210 1801 313 1859; x_wconf 84' lang='lat' dir='ltr'><strong>meato,</strong></span> <span class='ocrx_word' id='word_1_155' title='bbox 330 1793 454 1859; x_wconf 85' lang='lat' dir='ltr'><strong>Domine,</strong></span> <span class='ocrx_word' id='word_1_156' title='bbox 466 1794 645 1863; x_wconf 77' lang='lat' dir='ltr'><strong>tumulorum</strong></span> <span class='ocrx_word' id='word_1_157' title='bbox 653 1796 895 1866; x_wconf 81' lang='lat' dir='ltr'><strong>somniorumque</strong></span> <span class='ocrx_word' id='word_1_158' title='bbox 905 1803 1031 1862; x_wconf 88' lang='lat' dir='ltr'><strong>tuarum,</strong></span> 
     </span>
     <span class='ocr_line' id='line_1_25' title="bbox 210 1864 1033 1922; baseline -0.002 0"><span class='ocrx_word' id='word_1_159' title='bbox 210 1864 292 1922; x_wconf 79' lang='lat' dir='ltr'><strong>nucu</strong></span> <span class='ocrx_word' id='word_1_160' title='bbox 303 1866 434 1921; x_wconf 86' lang='lat' dir='ltr'><strong>concedit</strong></span> <span class='ocrx_word' id='word_1_161' title='bbox 454 1869 483 1920; x_wconf 88' lang='lat' dir='ltr'><strong>ut</strong></span> <span class='ocrx_word' id='word_1_162' title='bbox 498 1867 625 1921; x_wconf 89' lang='lat' dir='ltr'><strong>omnium</strong></span> <span class='ocrx_word' id='word_1_163' title='bbox 639 1869 767 1922; x_wconf 86' lang='lat' dir='ltr'><strong>uiuorum</strong></span> <span class='ocrx_word' id='word_1_164' title='bbox 780 1880 1033 1922; x_wconf 72' lang='lat' dir='ltr'><strong><em>commemoremus</em></strong></span> 
     </span>
     <span class='ocr_line' id='line_1_26' title="bbox 211 1934 1032 2009; baseline -0.001 -18"><span class='ocrx_word' id='word_1_165' title='bbox 211 1949 389 2009; x_wconf 75' lang='lat' dir='ltr'><strong>quoscunque</strong></span> <span class='ocrx_word' id='word_1_166' title='bbox 409 1934 597 1992; x_wconf 71' lang='lat' dir='ltr'><strong>unianimes.</strong></span> <span class='ocrx_word' id='word_1_167' title='bbox 617 1936 650 1990; x_wconf 78' lang='lat' dir='ltr'><strong>ut</strong></span> <span class='ocrx_word' id='word_1_168' title='bbox 663 1953 726 2007; x_wconf 89' lang='lat' dir='ltr'><strong>cap.</strong></span> <span class='ocrx_word' id='word_1_169' title='bbox 742 1938 785 2001; x_wconf 67' lang='lat'><strong>23,</strong></span> <span class='ocrx_word' id='word_1_170' title='bbox 802 1936 965 1992; x_wconf 88' lang='lat' dir='ltr'><strong>describens</strong></span> <span class='ocrx_word' id='word_1_171' title='bbox 977 1938 1032 1991; x_wconf 87' lang='lat' dir='ltr'><strong>Ca·</strong></span> 
     </span>
     <span class='ocr_line' id='line_1_27' title="bbox 212 2005 1033 2075; baseline -0.002 -12"><span class='ocrx_word' id='word_1_172' title='bbox 212 2022 329 2070; x_wconf 88' lang='lat' dir='ltr'><strong>nonem,</strong></span> <span class='ocrx_word' id='word_1_173' title='bbox 344 2005 406 2062; x_wconf 75' lang='lat' dir='ltr'><strong>haec</strong></span> <span class='ocrx_word' id='word_1_174' title='bbox 420 2007 504 2061; x_wconf 85' lang='lat' dir='ltr'><strong>verba</strong></span> <span class='ocrx_word' id='word_1_175' title='bbox 519 2007 608 2062; x_wconf 88' lang='lat' dir='ltr'><strong>missu</strong></span> <span class='ocrx_word' id='word_1_176' title='bbox 629 2006 709 2073; x_wconf 86' lang='lat' dir='ltr'><strong>lacit,</strong></span> <span class='ocrx_word' id='word_1_177' title='bbox 725 2009 775 2063; x_wconf 88' lang='lat' dir='ltr'><strong>sed</strong></span> <span class='ocrx_word' id='word_1_178' title='bbox 791 2006 946 2075; x_wconf 84' lang='lat' dir='ltr'><strong>immerito,</strong></span> <span class='ocrx_word' id='word_1_179' title='bbox 964 2022 1033 2061; x_wconf 89' lang='lat' dir='ltr'><strong>nam</strong></span> 
     </span>
     <span class='ocr_line' id='line_1_28' title="bbox 207 2076 1034 2141; baseline -0.002 -8"><span class='ocrx_word' id='word_1_180' title='bbox 207 2076 393 2141; x_wconf 51' lang='lat' dir='ltr'><strong>¹habenturin</strong></span> <span class='ocrx_word' id='word_1_181' title='bbox 409 2077 515 2133; x_wconf 89' lang='lat' dir='ltr'><strong>nostris</strong></span> <span class='ocrx_word' id='word_1_182' title='bbox 530 2078 618 2134; x_wconf 88' lang='lat' dir='ltr'><strong>Codd.</strong></span> <span class='ocrx_word' id='word_1_183' title='bbox 636 2095 705 2134; x_wconf 84' lang='lat' dir='ltr'><strong>mss.</strong></span> <span class='ocrx_word' id='word_1_184' title='bbox 723 2078 823 2136; x_wconf 86' lang='lat' dir='ltr'><strong>Rham.</strong></span> <span class='ocrx_word' id='word_1_185' title='bbox 840 2078 975 2141; x_wconf 80' lang='lat' dir='ltr'><strong>fledradi,</strong></span> <span class='ocrx_word' id='word_1_186' title='bbox 992 2082 1034 2132; x_wconf 88' lang='lat' dir='ltr'><strong>at·</strong></span> 
     </span>
     <span class='ocr_line' id='line_1_29' title="bbox 212 2148 1034 2276; baseline -0.001 -72"><span class='ocrx_word' id='word_1_187' title='bbox 212 2165 268 2276; x_wconf 56' lang='lat' dir='ltr'><strong>gae</strong></span> <span class='ocrx_word' id='word_1_188' title='bbox 286 2148 373 2218; x_wconf 79' lang='lat' dir='ltr'><strong>hujus</strong></span> <span class='ocrx_word' id='word_1_189' title='bbox 383 2148 476 2204; x_wconf 89' lang='lat' dir='ltr'><strong>sancti</strong></span> <span class='ocrx_word' id='word_1_190' title='bbox 489 2149 579 2217; x_wconf 82' lang='lat' dir='ltr'><strong>Eligit.</strong></span> <span class='ocrx_word' id='word_1_191' title='bbox 596 2154 684 2220; x_wconf 88' lang='lat' dir='ltr'><strong>atque</strong></span> <span class='ocrx_word' id='word_1_192' title='bbox 697 2149 785 2205; x_wconf 90' lang='lat' dir='ltr'><strong>etiam</strong></span> <span class='ocrx_word' id='word_1_193' title='bbox 795 2149 924 2204; x_wconf 77' lang='lat' dir='ltr'><strong>versione</strong></span> <span class='ocrx_word' id='word_1_194' title='bbox 934 2149 1034 2204; x_wconf 77' lang='lat' dir='ltr'><strong>Graeca</strong></span> 
     </span>
    </p>

    <p class='ocr_par' dir='ltr' id='par_1_10' title="bbox 209 2217 1033 2645">
     <span class='ocr_line' id='line_1_30' title="bbox 237 2217 1033 2291; baseline -0.001 -17"><span class='ocrx_word' id='word_1_195' title='bbox 237 2217 326 2290; x_wconf 86' lang='lat' dir='ltr'><strong>corgii</strong></span> <span class='ocrx_word' id='word_1_196' title='bbox 339 2218 450 2275; x_wconf 86' lang='lat' dir='ltr'><strong>Cadini.</strong></span> <span class='ocrx_word' id='word_1_197' title='bbox 466 2221 523 2275; x_wconf 88' lang='lat' dir='ltr'><strong>Nec</strong></span> <span class='ocrx_word' id='word_1_198' title='bbox 535 2220 609 2274; x_wconf 86' lang='lat' dir='ltr'><strong>ratio</strong></span> <span class='ocrx_word' id='word_1_199' title='bbox 626 2220 771 2291; x_wconf 88' lang='lat' dir='ltr'><strong>bticrologi</strong></span> <span class='ocrx_word' id='word_1_200' title='bbox 789 2220 875 2275; x_wconf 81' lang='lat' dir='ltr'><strong>valet.</strong></span> <span class='ocrx_word' id='word_1_201' title='bbox 892 2220 940 2274; x_wconf 89' lang='lat' dir='ltr'><strong>llis</strong></span> <span class='ocrx_word' id='word_1_202' title='bbox 955 2218 1033 2274; x_wconf 90' lang='lat' dir='ltr'><strong>enim</strong></span> 
     </span>
     <span class='ocr_line' id='line_1_31' title="bbox 209 2289 1033 2358; baseline 0 -14"><span class='ocrx_word' id='word_1_203' title='bbox 209 2289 313 2353; x_wconf 84' lang='lat' dir='ltr'><strong>verbis,</strong></span> <span class='ocrx_word' id='word_1_204' title='bbox 335 2296 361 2346; x_wconf 89' lang='lat' dir='ltr'><strong>et</strong></span> <span class='ocrx_word' id='word_1_205' title='bbox 386 2291 517 2345; x_wconf 82' lang='lat' dir='ltr'><strong>omnibus</strong></span> <span class='ocrx_word' id='word_1_206' title='bbox 540 2291 713 2358; x_wconf 80' lang='lat' dir='ltr'><strong>orruodoctr,</strong></span> <span class='ocrx_word' id='word_1_207' title='bbox 734 2299 799 2356; x_wconf 82' lang='lat' dir='ltr'><strong>etc,</strong></span> <span class='ocrx_word' id='word_1_208' title='bbox 814 2291 845 2346; x_wconf 87' lang='lat' dir='ltr'><strong>ut</strong></span> <span class='ocrx_word' id='word_1_209' title='bbox 859 2306 1033 2345; x_wconf 86' lang='lat' dir='ltr'><strong>commemo·</strong></span> 
     </span>
     <span class='ocr_line' id='line_1_32' title="bbox 210 2358 1033 2442; baseline 0.001 -26"><span class='ocrx_word' id='word_1_210' title='bbox 210 2358 285 2416; x_wconf 87' lang='lat' dir='ltr'><strong>ratio</strong></span> <span class='ocrx_word' id='word_1_211' title='bbox 300 2361 442 2442; x_wconf 83' lang='lat' dir='ltr'><strong>generalis</strong></span> <span class='ocrx_word' id='word_1_212' title='bbox 457 2359 889 2419; x_wconf 83' lang='lat' dir='ltr'><strong>omniumtldeliumrivcntium</strong></span> <span class='ocrx_word' id='word_1_213' title='bbox 901 2378 908 2429; x_wconf 92' lang='grc'><strong>;</strong></span> <span class='ocrx_word' id='word_1_214' title='bbox 918 2361 982 2416; x_wconf 91' lang='lat' dir='ltr'><strong>atin</strong></span> <span class='ocrx_word' id='word_1_215' title='bbox 992 2378 1033 2417; x_wconf 78' lang='lat' dir='ltr'><strong>se</strong></span> 
     </span>
     <span class='ocr_line' id='line_1_33' title="bbox 210 2432 1033 2504; baseline 0.002 -19"><span class='ocrx_word' id='word_1_216' title='bbox 210 2432 374 2503; x_wconf 76' lang='lat' dir='ltr'><strong>ouantibus,</strong></span> <span class='ocrx_word' id='word_1_217' title='bbox 388 2432 541 2497; x_wconf 77' lang='lat' dir='ltr'><strong>Memento,</strong></span> <span class='ocrx_word' id='word_1_218' title='bbox 557 2436 621 2488; x_wconf 89' lang='lat' dir='ltr'><strong>etc..</strong></span> <span class='ocrx_word' id='word_1_219' title='bbox 638 2433 770 2504; x_wconf 85' lang='lat' dir='ltr'><strong>specialis</strong></span> <span class='ocrx_word' id='word_1_220' title='bbox 789 2437 831 2487; x_wconf 89' lang='lat' dir='ltr'><strong>est</strong></span> <span class='ocrx_word' id='word_1_221' title='bbox 858 2449 1033 2488; x_wconf 88' lang='lat' dir='ltr'><strong>commemo·</strong></span> 
     </span>
     <span class='ocr_line' id='line_1_34' title="bbox 211 2500 1033 2575; baseline 0.002 -18"><span class='ocrx_word' id='word_1_222' title='bbox 211 2500 286 2557; x_wconf 88' lang='lat' dir='ltr'><strong>ratio</strong></span> <span class='ocrx_word' id='word_1_223' title='bbox 301 2501 484 2557; x_wconf 80' lang='lat' dir='ltr'><strong>offerentium</strong></span> <span class='ocrx_word' id='word_1_224' title='bbox 496 2505 725 2573; x_wconf 84' lang='lat' dir='ltr'><strong>etquorumdarn</strong></span> <span class='ocrx_word' id='word_1_225' title='bbox 737 2503 952 2573; x_wconf 77' lang='lat' dir='ltr'><strong>particularium</strong></span> <span class='ocrx_word' id='word_1_226' title='bbox 963 2519 1033 2575; x_wconf 88' lang='lat' dir='ltr'><strong>quo·</strong></span> 
     </span>
     <span class='ocr_line' id='line_1_35' title="bbox 210 2572 874 2645; baseline 0.003 -16"><span class='ocrx_word' id='word_1_227' title='bbox 210 2588 276 2629; x_wconf 90' lang='lat' dir='ltr'><strong>rum</strong></span> <span class='ocrx_word' id='word_1_228' title='bbox 292 2573 406 2628; x_wconf 89' lang='lat' dir='ltr'><strong>nomina</strong></span> <span class='ocrx_word' id='word_1_229' title='bbox 417 2572 487 2628; x_wconf 89' lang='lat' dir='ltr'><strong>olim</strong></span> <span class='ocrx_word' id='word_1_230' title='bbox 500 2574 535 2629; x_wconf 90' lang='lat' dir='ltr'><strong>de</strong></span> <span class='ocrx_word' id='word_1_231' title='bbox 548 2573 690 2645; x_wconf 76' lang='lat' dir='ltr'><strong>diptychis</strong></span> <span class='ocrx_word' id='word_1_232' title='bbox 700 2574 725 2629; x_wconf 90' lang='lat' dir='ltr'><strong>le</strong></span> <span class='ocrx_word' id='word_1_233' title='bbox 745 2577 874 2631; x_wconf 89' lang='lat' dir='ltr'><strong>ebantur.</strong></span> 
     </span>
    </p>

    <p class='ocr_par' dir='ltr' id='par_1_11' title="bbox 211 2592 1037 3070">
     <span class='ocr_line' id='line_1_36' title="bbox 246 2592 1035 2708; baseline 0 -9"><span class='ocrx_word' id='word_1_234' title='bbox 246 2642 291 2699; x_wconf 76' lang='grc'><strong>35.</strong></span> <span class='ocrx_word' id='word_1_235' title='bbox 305 2644 598 2703; x_wconf 72' lang='lat' dir='ltr'><strong>circumastantium.</strong></span> <span class='ocrx_word' id='word_1_236' title='bbox 615 2646 658 2700; x_wconf 89' lang='lat' dir='ltr'><strong>lta</strong></span> <span class='ocrx_word' id='word_1_237' title='bbox 683 2645 712 2700; x_wconf 92' lang='lat' dir='ltr'><strong>in</strong></span> <span class='ocrx_word' id='word_1_238' title='bbox 726 2592 827 2708; x_wconf 72' lang='lat' dir='ltr'><strong>initis,</strong></span> <span class='ocrx_word' id='word_1_239' title='bbox 854 2645 882 2700; x_wconf 92' lang='lat' dir='ltr'><strong>in</strong></span> <span class='ocrx_word' id='word_1_240' title='bbox 898 2646 966 2701; x_wconf 87' lang='lat' dir='ltr'><strong>Cod.</strong></span> <span class='ocrx_word' id='word_1_241' title='bbox 991 2643 1035 2699; x_wconf 90' lang='lat' dir='ltr'><strong>Ti-</strong></span> 
     </span>
     <span class='ocr_line' id='line_1_37' title="bbox 211 2713 1035 2787; baseline 0 -17"><span class='ocrx_word' id='word_1_242' title='bbox 211 2713 290 2770; x_wconf 87' lang='lat' dir='ltr'><strong>liano</strong></span> <span class='ocrx_word' id='word_1_243' title='bbox 306 2714 334 2769; x_wconf 91' lang='lat' dir='ltr'><strong>in</strong></span> <span class='ocrx_word' id='word_1_244' title='bbox 348 2714 636 2787; x_wconf 64' lang='lat' dir='ltr'><strong>disrumpendis</strong></span> <span class='ocrx_word' id='word_1_245' title='bbox 650 2718 783 2773; x_wconf 91' lang='lat' dir='ltr'><strong>omnibus</strong></span> <span class='ocrx_word' id='word_1_246' title='bbox 804 2716 952 2774; x_wconf 75' lang='lat' dir='ltr'><strong>codicibus</strong></span> <span class='ocrx_word' id='word_1_247' title='bbox 969 2732 1035 2770; x_wconf 91' lang='lat' dir='ltr'><strong>nos·</strong></span> 
     </span>
     <span class='ocr_line' id='line_1_38' title="bbox 211 2785 1036 2858; baseline -0.001 -16"><span class='ocrx_word' id='word_1_248' title='bbox 211 2785 264 2842; x_wconf 86' lang='lat' dir='ltr'><strong>tris</strong></span> <span class='ocrx_word' id='word_1_249' title='bbox 279 2801 349 2840; x_wconf 89' lang='lat' dir='ltr'><strong>mss.</strong></span> <span class='ocrx_word' id='word_1_250' title='bbox 367 2787 408 2840; x_wconf 89' lang='lat' dir='ltr'><strong>lta</strong></span> <span class='ocrx_word' id='word_1_251' title='bbox 424 2786 452 2840; x_wconf 92' lang='lat' dir='ltr'><strong>in</strong></span> <span class='ocrx_word' id='word_1_252' title='bbox 467 2786 643 2858; x_wconf 79' lang='lat' dir='ltr'><strong>expositione</strong></span> <span class='ocrx_word' id='word_1_253' title='bbox 666 2788 860 2843; x_wconf 82' lang='lat' dir='ltr'><strong>vetustissima</strong></span> <span class='ocrx_word' id='word_1_254' title='bbox 875 2804 929 2841; x_wconf 90' lang='lat' dir='ltr'><strong>ms.</strong></span> <span class='ocrx_word' id='word_1_255' title='bbox 946 2787 1036 2841; x_wconf 92' lang='lat' dir='ltr'><strong>Cano-</strong></span> 
     </span>
     <span class='ocr_line' id='line_1_39' title="bbox 211 2856 1034 2926; baseline 0 -14"><span class='ocrx_word' id='word_1_256' title='bbox 211 2856 256 2913; x_wconf 89' lang='lat' dir='ltr'><strong>nis</strong></span> <span class='ocrx_word' id='word_1_257' title='bbox 270 2856 364 2912; x_wconf 79' lang='lat' dir='ltr'><strong>Missas</strong></span> <span class='ocrx_word' id='word_1_258' title='bbox 387 2857 567 2914; x_wconf 73' lang='lat' dir='ltr'><strong>bibliothecae</strong></span> <span class='ocrx_word' id='word_1_259' title='bbox 590 2858 779 2926; x_wconf 88' lang='lat' dir='ltr'><strong>Corbeiensis,</strong></span> <span class='ocrx_word' id='word_1_260' title='bbox 801 2864 831 2913; x_wconf 91' lang='lat' dir='ltr'><strong>et</strong></span> <span class='ocrx_word' id='word_1_261' title='bbox 854 2858 884 2913; x_wconf 91' lang='lat' dir='ltr'><strong>in</strong></span> <span class='ocrx_word' id='word_1_262' title='bbox 911 2862 1034 2913; x_wconf 88' lang='lat' dir='ltr'><strong>tractatu</strong></span> 
     </span>
     <span class='ocr_line' id='line_1_40' title="bbox 212 2927 1037 3000; baseline -0.005 -13"><span class='ocrx_word' id='word_1_263' title='bbox 212 2928 298 2987; x_wconf 83' lang='lat' dir='ltr'><strong>etiarn</strong></span> <span class='ocrx_word' id='word_1_264' title='bbox 312 2943 367 2983; x_wconf 87' lang='lat' dir='ltr'><strong>ms.</strong></span> <span class='ocrx_word' id='word_1_265' title='bbox 379 2927 574 2984; x_wconf 85' lang='lat' dir='ltr'><strong>vetustissimo</strong></span> <span class='ocrx_word' id='word_1_266' title='bbox 598 2930 730 3000; x_wconf 75' lang='lat' dir='ltr'><strong>eJusdem</strong></span> <span class='ocrx_word' id='word_1_267' title='bbox 759 2928 937 2985; x_wconf 79' lang='lat' dir='ltr'><strong>bibliothecis</strong></span> <span class='ocrx_word' id='word_1_268' title='bbox 951 2944 1037 2998; x_wconf 92' lang='lat' dir='ltr'><strong>super</strong></span> 
     </span>
     <span class='ocr_line' id='line_1_41' title="bbox 212 2999 1037 3070; baseline 0 -16"><span class='ocrx_word' id='word_1_269' title='bbox 212 2999 339 3055; x_wconf 86' lang='lat' dir='ltr'><strong>Missam.</strong></span> <span class='ocrx_word' id='word_1_270' title='bbox 356 2999 398 3053; x_wconf 90' lang='lat' dir='ltr'><strong>lta</strong></span> <span class='ocrx_word' id='word_1_271' title='bbox 413 3000 488 3069; x_wconf 87' lang='lat' dir='ltr'><strong>upud</strong></span> <span class='ocrx_word' id='word_1_272' title='bbox 504 2999 712 3065; x_wconf 83' lang='lat' dir='ltr'><strong>Burchaedum,</strong></span> <span class='ocrx_word' id='word_1_273' title='bbox 737 3000 785 3056; x_wconf 92' lang='lat' dir='ltr'><strong>lib.</strong></span> <span class='ocrx_word' id='word_1_274' title='bbox 802 3017 843 3065; x_wconf 88' lang='lat' dir='ltr'><strong>m,</strong></span> <span class='ocrx_word' id='word_1_275' title='bbox 864 3017 927 3070; x_wconf 86' lang='lat' dir='ltr'><strong>cap.</strong></span> <span class='ocrx_word' id='word_1_276' title='bbox 942 3000 988 3064; x_wconf 83' lang='grc'><strong>68,</strong></span> <span class='ocrx_word' id='word_1_277' title='bbox 1001 3015 1037 3055; x_wconf 85' lang='lat' dir='ltr'><strong>ex</strong></span> 
     </span>
    </p>
   </div>
   <div class='ocr_carea' id='block_1_8' title="bbox 211 3069 1309 3238">
    <p class='ocr_par' dir='ltr' id='par_1_12' title="bbox 211 3069 1309 3238">
     <span class='ocr_line' id='line_1_42' title="bbox 211 3069 1073 3145; baseline -0.001 -19"><span class='ocrx_word' id='word_1_278' title='bbox 211 3069 333 3129; x_wconf 83' lang='lat' dir='ltr'><strong>concilia</strong></span> <span class='ocrx_word' id='word_1_279' title='bbox 348 3069 539 3125; x_wconf 87' lang='lat' dir='ltr'><strong>Nannetensi:</strong></span> <span class='ocrx_word' id='word_1_280' title='bbox 557 3071 612 3126; x_wconf 85' lang='lat' dir='ltr'><strong>Cui</strong></span> <span class='ocrx_word' id='word_1_281' title='bbox 621 3074 693 3126; x_wconf 89' lang='lat' dir='ltr'><strong>enim</strong></span> <span class='ocrx_word' id='word_1_282' title='bbox 706 3071 775 3127; x_wconf 79' lang='lat' dir='ltr'><strong>dicit</strong></span> <span class='ocrx_word' id='word_1_283' title='bbox 789 3072 929 3127; x_wconf 78' lang='lat' dir='ltr'><strong>Dominus</strong></span> <span class='ocrx_word' id='word_1_284' title='bbox 946 3070 1036 3126; x_wconf 81' lang='lat' dir='ltr'><strong>uobis·</strong></span> <span class='ocrx_word' id='word_1_285' title='bbox 1051 3084 1073 3145; x_wconf 68' lang='grc' dir='ltr'>ρ</span> 
     </span>
     <span class='ocr_line' id='line_1_43' title="bbox 213 3140 1309 3238; baseline -0.001 -41"><span class='ocrx_word' id='word_1_286' title='bbox 213 3156 290 3205; x_wconf 87' lang='lat' dir='ltr'><strong>cum,</strong></span> <span class='ocrx_word' id='word_1_287' title='bbox 299 3144 350 3196; x_wconf 90' lang='lat' dir='ltr'><strong>out</strong></span> <span class='ocrx_word' id='word_1_288' title='bbox 363 3140 480 3197; x_wconf 87' lang='lat' dir='ltr'><strong>Sursum</strong></span> <span class='ocrx_word' id='word_1_289' title='bbox 489 3141 586 3205; x_wconf 88' lang='lat' dir='ltr'><strong>cordo,</strong></span> <span class='ocrx_word' id='word_1_290' title='bbox 596 3142 706 3199; x_wconf 78' lang='lat' dir='ltr'><strong>crustu</strong></span> <span class='ocrx_word' id='word_1_291' title='bbox 714 3157 837 3213; x_wconf 81' lang='lat' dir='ltr'><strong>agamus</strong></span> <span class='ocrx_word' id='word_1_292' title='bbox 848 3144 968 3197; x_wconf 79' lang='lat' dir='ltr'><strong>Domino</strong></span> <span class='ocrx_word' id='word_1_293' title='bbox 980 3143 1036 3196; x_wconf 76' lang='lat' dir='ltr'><strong>heo</strong></span> <span class='ocrx_word' id='word_1_294' title='bbox 1124 3175 1169 3230; x_wconf 33' lang='grc' dir='ltr'><strong>θ’</strong></span> <span class='ocrx_word' id='word_1_295' title='bbox 1192 3175 1309 3238; x_wconf 43' lang='lat' dir='ltr'><strong>Hylan-i,</strong></span> 
     </span>
    </p>
   </div>
   <div class='ocr_carea' id='block_1_9' title="bbox 212 3211 1044 5478">
    <p class='ocr_par' dir='ltr' id='par_1_13' title="bbox 212 3211 1038 3707">
     <span class='ocr_line' id='line_1_44' title="bbox 213 3211 1035 3283; baseline -0.001 -16"><span class='ocrx_word' id='word_1_296' title='bbox 213 3219 321 3276; x_wconf 84' lang='lat' dir='ltr'><strong>nostro,</strong></span> <span class='ocrx_word' id='word_1_297' title='bbox 338 3227 402 3267; x_wconf 88' lang='lat' dir='ltr'><strong>cum</strong></span> <span class='ocrx_word' id='word_1_298' title='bbox 417 3211 518 3269; x_wconf 85' lang='lat' dir='ltr'><strong>nutius</strong></span> <span class='ocrx_word' id='word_1_299' title='bbox 528 3213 621 3283; x_wconf 82' lang='lat' dir='ltr'><strong>sitgui</strong></span> <span class='ocrx_word' id='word_1_300' title='bbox 632 3213 818 3283; x_wconf 73' lang='lat' dir='ltr'><strong>respondeat?</strong></span> <span class='ocrx_word' id='word_1_301' title='bbox 828 3221 854 3270; x_wconf 89' lang='lat' dir='ltr'><strong>et</strong></span> <span class='ocrx_word' id='word_1_302' title='bbox 867 3214 899 3269; x_wconf 92' lang='lat' dir='ltr'><strong>in</strong></span> <span class='ocrx_word' id='word_1_303' title='bbox 915 3215 1035 3279; x_wconf 85' lang='lat' dir='ltr'><strong>Conone,</strong></span> 
     </span>
     <span class='ocr_line' id='line_1_45' title="bbox 212 3282 1035 3345; baseline -0.001 -8"><span class='ocrx_word' id='word_1_304' title='bbox 212 3282 250 3337; x_wconf 80' lang='lat' dir='ltr'><strong>Et</strong></span> <span class='ocrx_word' id='word_1_305' title='bbox 264 3283 391 3339; x_wconf 86' lang='lat' dir='ltr'><strong>omnium</strong></span> <span class='ocrx_word' id='word_1_306' title='bbox 413 3284 690 3345; x_wconf 77' lang='lat' dir='ltr'><strong>circumastantium.</strong></span> <span class='ocrx_word' id='word_1_307' title='bbox 706 3300 770 3340; x_wconf 88' lang='lat' dir='ltr'><strong>cum</strong></span> <span class='ocrx_word' id='word_1_308' title='bbox 785 3300 868 3341; x_wconf 88' lang='lat' dir='ltr'><strong>nemo</strong></span> <span class='ocrx_word' id='word_1_309' title='bbox 878 3284 913 3339; x_wconf 82' lang='lat' dir='ltr'><strong>rit</strong></span> <span class='ocrx_word' id='word_1_310' title='bbox 928 3285 943 3338; x_wconf 80' lang='lat' dir='ltr'><strong>t</strong></span> <span class='ocrx_word' id='word_1_311' title='bbox 952 3284 993 3337; x_wconf 92' lang='lat' dir='ltr'><strong>lta</strong></span> <span class='ocrx_word' id='word_1_312' title='bbox 1006 3283 1035 3337; x_wconf 89' lang='lat' dir='ltr'><strong>in</strong></span> 
     </span>
     <span class='ocr_line' id='line_1_46' title="bbox 213 3351 1037 3425; baseline -0.001 -16"><span class='ocrx_word' id='word_1_313' title='bbox 213 3351 390 3424; x_wconf 82' lang='lat' dir='ltr'><strong>expositione</strong></span> <span class='ocrx_word' id='word_1_314' title='bbox 408 3352 499 3409; x_wconf 79' lang='lat' dir='ltr'><strong>Missae</strong></span> <span class='ocrx_word' id='word_1_315' title='bbox 512 3354 638 3425; x_wconf 78' lang='lat' dir='ltr'><strong>Magistri</strong></span> <span class='ocrx_word' id='word_1_316' title='bbox 658 3354 750 3414; x_wconf 78' lang='lat' dir='ltr'><strong>Fieri:</strong></span> <span class='ocrx_word' id='word_1_317' title='bbox 766 3356 876 3410; x_wconf 79' lang='lat' dir='ltr'><strong>Deinde</strong></span> <span class='ocrx_word' id='word_1_318' title='bbox 890 3354 1037 3423; x_wconf 75' lang='lat' dir='ltr'><strong>subiungi·</strong></span> 
     </span>
     <span class='ocr_line' id='line_1_47' title="bbox 214 3424 1031 3496; baseline 0.002 -18"><span class='ocrx_word' id='word_1_319' title='bbox 214 3427 273 3489; x_wconf 89' lang='lat' dir='ltr'><strong>tur,</strong></span> <span class='ocrx_word' id='word_1_320' title='bbox 287 3425 450 3480; x_wconf 88' lang='lat' dir='ltr'><strong>ctomuium</strong></span> <span class='ocrx_word' id='word_1_321' title='bbox 463 3425 734 3481; x_wconf 82' lang='lat' dir='ltr'><strong>circumastantium.</strong></span> <span class='ocrx_word' id='word_1_322' title='bbox 751 3425 784 3480; x_wconf 77' lang='lat' dir='ltr'><strong>at</strong></span> <span class='ocrx_word' id='word_1_323' title='bbox 796 3425 824 3480; x_wconf 92' lang='lat' dir='ltr'><strong>in</strong></span> <span class='ocrx_word' id='word_1_324' title='bbox 838 3424 941 3496; x_wconf 79' lang='lat' dir='ltr'><strong>glossis</strong></span> <span class='ocrx_word' id='word_1_325' title='bbox 959 3440 1031 3480; x_wconf 88' lang='lat' dir='ltr'><strong>mss.</strong></span> 
     </span>
     <span class='ocr_line' id='line_1_48' title="bbox 214 3494 1037 3564; baseline 0.001 -14"><span class='ocrx_word' id='word_1_326' title='bbox 214 3495 251 3550; x_wconf 90' lang='lat' dir='ltr'><strong>de</strong></span> <span class='ocrx_word' id='word_1_327' title='bbox 265 3494 372 3549; x_wconf 83' lang='lat' dir='ltr'><strong>Ordine</strong></span> <span class='ocrx_word' id='word_1_328' title='bbox 387 3496 518 3550; x_wconf 88' lang='lat' dir='ltr'><strong>Romano</strong></span> <span class='ocrx_word' id='word_1_329' title='bbox 542 3512 575 3551; x_wconf 82' lang='lat' dir='ltr'><strong>ex</strong></span> <span class='ocrx_word' id='word_1_330' title='bbox 591 3497 763 3553; x_wconf 86' lang='lat' dir='ltr'><strong>bibliotheca</strong></span> <span class='ocrx_word' id='word_1_331' title='bbox 788 3497 916 3560; x_wconf 85' lang='lat' dir='ltr'><strong>Thoana,</strong></span> <span class='ocrx_word' id='word_1_332' title='bbox 935 3497 1037 3564; x_wconf 70' lang='lat' dir='ltr'><strong>odiun-</strong></span> 
     </span>
     <span class='ocr_line' id='line_1_49' title="bbox 214 3565 1038 3691; baseline 0.001 -71"><span class='ocrx_word' id='word_1_333' title='bbox 214 3582 279 3691; x_wconf 51' lang='grc' dir='ltr'><strong>ἴω</strong></span> <span class='ocrx_word' id='word_1_334' title='bbox 291 3570 318 3621; x_wconf 89' lang='lat' dir='ltr'><strong>et</strong></span> <span class='ocrx_word' id='word_1_335' title='bbox 333 3565 461 3621; x_wconf 86' lang='lat' dir='ltr'><strong>cranium</strong></span> <span class='ocrx_word' id='word_1_336' title='bbox 471 3566 746 3625; x_wconf 72' lang='lat' dir='ltr'><strong>circumrotantium.</strong></span> <span class='ocrx_word' id='word_1_337' title='bbox 761 3569 792 3624; x_wconf 94' lang='lat' dir='ltr'><strong>ln</strong></span> <span class='ocrx_word' id='word_1_338' title='bbox 805 3567 926 3639; x_wconf 82' lang='lat' dir='ltr'><strong>vulgatis</strong></span> <span class='ocrx_word' id='word_1_339' title='bbox 939 3567 1038 3622; x_wconf 86' lang='lat' dir='ltr'><strong>blissa-</strong></span> 
     </span>
     <span class='ocr_line' id='line_1_50' title="bbox 227 3635 683 3707; baseline -0.004 -15"><span class='ocrx_word' id='word_1_340' title='bbox 227 3636 288 3692; x_wconf 86' lang='lat' dir='ltr'><strong>&#39;bus</strong></span> <span class='ocrx_word' id='word_1_341' title='bbox 297 3635 401 3707; x_wconf 91' lang='lat' dir='ltr'><strong>legitur</strong></span> <span class='ocrx_word' id='word_1_342' title='bbox 419 3635 683 3694; x_wconf 83' lang='lat' dir='ltr'><strong>circumstantium.</strong></span> 
     </span>
    </p>

    <p class='ocr_par' dir='ltr' id='par_1_14' title="bbox 215 3707 1039 3974">
     <span class='ocr_line' id='line_1_51' title="bbox 250 3707 1038 3777; baseline 0.001 -15"><span class='ocrx_word' id='word_1_343' title='bbox 250 3709 294 3762; x_wconf 82' lang='lat' dir='ltr'><strong>no.</strong></span> <span class='ocrx_word' id='word_1_344' title='bbox 310 3707 363 3773; x_wconf 81' lang='lat' dir='ltr'><strong>out</strong></span> <span class='ocrx_word' id='word_1_345' title='bbox 377 3708 432 3762; x_wconf 87' lang='lat' dir='ltr'><strong>tibi</strong></span> <span class='ocrx_word' id='word_1_346' title='bbox 440 3709 569 3777; x_wconf 67' lang='lat' dir='ltr'><strong>rugierunt.</strong></span> <span class='ocrx_word' id='word_1_347' title='bbox 581 3711 624 3765; x_wconf 87' lang='lat' dir='ltr'><strong>lta</strong></span> <span class='ocrx_word' id='word_1_348' title='bbox 633 3708 663 3765; x_wconf 94' lang='lat' dir='ltr'><strong>in</strong></span> <span class='ocrx_word' id='word_1_349' title='bbox 673 3709 806 3765; x_wconf 89' lang='lat' dir='ltr'><strong>omnibus</strong></span> <span class='ocrx_word' id='word_1_350' title='bbox 816 3708 964 3765; x_wconf 74' lang='lat' dir='ltr'><strong>codicibus</strong></span> <span class='ocrx_word' id='word_1_351' title='bbox 973 3724 1038 3763; x_wconf 91' lang='lat' dir='ltr'><strong>nos·</strong></span> 
     </span>
     <span class='ocr_line' id='line_1_52' title="bbox 215 3777 1033 3850; baseline 0.002 -17"><span class='ocrx_word' id='word_1_352' title='bbox 215 3777 267 3834; x_wconf 88' lang='lat' dir='ltr'><strong>tris</strong></span> <span class='ocrx_word' id='word_1_353' title='bbox 279 3794 361 3843; x_wconf 79' lang='lat' dir='ltr'><strong>mss,</strong></span> <span class='ocrx_word' id='word_1_354' title='bbox 376 3777 417 3833; x_wconf 87' lang='lat' dir='ltr'><strong>ita</strong></span> <span class='ocrx_word' id='word_1_355' title='bbox 430 3778 457 3833; x_wconf 94' lang='lat' dir='ltr'><strong>in</strong></span> <span class='ocrx_word' id='word_1_356' title='bbox 470 3779 568 3842; x_wconf 84' lang='lat' dir='ltr'><strong>Editis,</strong></span> <span class='ocrx_word' id='word_1_357' title='bbox 591 3787 617 3837; x_wconf 92' lang='lat' dir='ltr'><strong>et</strong></span> <span class='ocrx_word' id='word_1_358' title='bbox 644 3780 672 3834; x_wconf 94' lang='lat' dir='ltr'><strong>in</strong></span> <span class='ocrx_word' id='word_1_359' title='bbox 690 3784 810 3850; x_wconf 83' lang='lat' dir='ltr'><strong>utroque</strong></span> <span class='ocrx_word' id='word_1_360' title='bbox 837 3784 960 3835; x_wconf 78' lang='lat' dir='ltr'><strong>tractatu</strong></span> <span class='ocrx_word' id='word_1_361' title='bbox 976 3795 1033 3835; x_wconf 89' lang='lat' dir='ltr'><strong>ms.</strong></span> 
     </span>
     <span class='ocr_line' id='line_1_53' title="bbox 215 3848 1039 3974; baseline -0.001 -71"><span class='ocrx_word' id='word_1_362' title='bbox 215 3848 302 3974; x_wconf 56' lang='lat' dir='ltr'><strong>iimo</strong></span> <span class='ocrx_word' id='word_1_363' title='bbox 315 3852 382 3904; x_wconf 86' lang='lat' dir='ltr'><strong>ante</strong></span> <span class='ocrx_word' id='word_1_364' title='bbox 395 3848 482 3905; x_wconf 88' lang='lat' dir='ltr'><strong>citato</strong></span> <span class='ocrx_word' id='word_1_365' title='bbox 494 3867 528 3906; x_wconf 84' lang='lat' dir='ltr'><strong>ex</strong></span> <span class='ocrx_word' id='word_1_366' title='bbox 539 3849 712 3905; x_wconf 89' lang='lat' dir='ltr'><strong>bibliotheca</strong></span> <span class='ocrx_word' id='word_1_367' title='bbox 728 3850 900 3906; x_wconf 77' lang='lat' dir='ltr'><strong>corbeiensi.</strong></span> <span class='ocrx_word' id='word_1_368' title='bbox 915 3850 1039 3918; x_wconf 87' lang='lat' dir='ltr'><strong>ttaapud</strong></span> 
     </span>
    </p>

    <p class='ocr_par' dir='ltr' id='par_1_15' title="bbox 216 3918 1039 4841">
     <span class='ocr_line' id='line_1_54' title="bbox 242 3918 1038 3991; baseline 0.001 -18"><span class='ocrx_word' id='word_1_369' title='bbox 242 3918 411 3991; x_wconf 86' lang='lat' dir='ltr'><strong>ierologum,</strong></span> <span class='ocrx_word' id='word_1_370' title='bbox 426 3936 487 3990; x_wconf 90' lang='lat' dir='ltr'><strong>cap.</strong></span> <span class='ocrx_word' id='word_1_371' title='bbox 505 3921 540 3976; x_wconf 66' lang='lat'><strong>23</strong></span> <span class='ocrx_word' id='word_1_372' title='bbox 555 3922 589 3976; x_wconf 88' lang='lat' dir='ltr'><strong>de</strong></span> <span class='ocrx_word' id='word_1_373' title='bbox 605 3921 856 3977; x_wconf 74' lang='lat' dir='ltr'><strong>observationibus</strong></span> <span class='ocrx_word' id='word_1_374' title='bbox 869 3920 1038 3977; x_wconf 85' lang='lat' dir='ltr'><strong>ecclesiasti·</strong></span> 
     </span>
     <span class='ocr_line' id='line_1_55' title="bbox 216 3990 1037 4061; baseline 0.002 -16"><span class='ocrx_word' id='word_1_375' title='bbox 216 3990 273 4045; x_wconf 89' lang='lat' dir='ltr'><strong>cis:</strong></span> <span class='ocrx_word' id='word_1_376' title='bbox 294 3990 332 4044; x_wconf 84' lang='lat' dir='ltr'><strong>Et</strong></span> <span class='ocrx_word' id='word_1_377' title='bbox 344 3997 408 4045; x_wconf 90' lang='lat' dir='ltr'><strong>nota</strong></span> <span class='ocrx_word' id='word_1_378' title='bbox 418 3990 534 4056; x_wconf 85' lang='lat' dir='ltr'><strong>deuotio,</strong></span> <span class='ocrx_word' id='word_1_379' title='bbox 549 3993 599 4061; x_wconf 85' lang='lat' dir='ltr'><strong>gui</strong></span> <span class='ocrx_word' id='word_1_380' title='bbox 610 3994 665 4046; x_wconf 87' lang='lat' dir='ltr'><strong>tibi</strong></span> <span class='ocrx_word' id='word_1_381' title='bbox 679 3993 857 4061; x_wconf 78' lang='lat' dir='ltr'><strong>offeruntboc</strong></span> <span class='ocrx_word' id='word_1_382' title='bbox 871 3992 1037 4061; x_wconf 71' lang='lat' dir='ltr'><strong>sacrificium</strong></span> 
     </span>
     <span class='ocr_line' id='line_1_56' title="bbox 218 4059 1038 4131; baseline -0.001 -16"><span class='ocrx_word' id='word_1_383' title='bbox 218 4059 318 4120; x_wconf 73' lang='lat' dir='ltr'><strong>undis.</strong></span> <span class='ocrx_word' id='word_1_384' title='bbox 333 4059 381 4129; x_wconf 88' lang='lat' dir='ltr'><strong>qui</strong></span> <span class='ocrx_word' id='word_1_385' title='bbox 396 4059 471 4117; x_wconf 89' lang='lat' dir='ltr'><strong>hanc</strong></span> <span class='ocrx_word' id='word_1_386' title='bbox 486 4060 636 4116; x_wconf 87' lang='lat' dir='ltr'><strong>lectionem</strong></span> <span class='ocrx_word' id='word_1_387' title='bbox 652 4062 806 4119; x_wconf 83' lang='lat' dir='ltr'><strong>confirmat</strong></span> <span class='ocrx_word' id='word_1_388' title='bbox 819 4079 882 4131; x_wconf 88' lang='lat' dir='ltr'><strong>cap.</strong></span> <span class='ocrx_word' id='word_1_389' title='bbox 901 4062 942 4119; x_wconf 78' lang='lat'><strong>13.</strong></span> <span class='ocrx_word' id='word_1_390' title='bbox 958 4078 1038 4131; x_wconf 90' lang='lat' dir='ltr'><strong>repu-</strong></span> 
     </span>
     <span class='ocr_line' id='line_1_57' title="bbox 217 4129 1039 4203; baseline 0.001 -19"><span class='ocrx_word' id='word_1_391' title='bbox 217 4129 301 4185; x_wconf 88' lang='lat' dir='ltr'><strong>dians</strong></span> <span class='ocrx_word' id='word_1_392' title='bbox 316 4130 344 4183; x_wconf 93' lang='lat' dir='ltr'><strong>id</strong></span> <span class='ocrx_word' id='word_1_393' title='bbox 354 4132 431 4200; x_wconf 88' lang='lat' dir='ltr'><strong>quod</strong></span> <span class='ocrx_word' id='word_1_394' title='bbox 446 4130 530 4202; x_wconf 82' lang='lat' dir='ltr'><strong>vulgo</strong></span> <span class='ocrx_word' id='word_1_395' title='bbox 543 4133 679 4190; x_wconf 89' lang='lat' dir='ltr'><strong>habetur:</strong></span> <span class='ocrx_word' id='word_1_396' title='bbox 705 4134 759 4188; x_wconf 86' lang='lat' dir='ltr'><strong>Pro</strong></span> <span class='ocrx_word' id='word_1_397' title='bbox 772 4134 869 4203; x_wconf 80' lang='lat' dir='ltr'><strong>quidm</strong></span> <span class='ocrx_word' id='word_1_398' title='bbox 883 4133 935 4187; x_wconf 86' lang='lat' dir='ltr'><strong>tibi</strong></span> <span class='ocrx_word' id='word_1_399' title='bbox 946 4134 1039 4201; x_wconf 72' lang='lat' dir='ltr'><strong>offeri·</strong></span> 
     </span>
     <span class='ocr_line' id='line_1_58' title="bbox 217 4200 1039 4273; baseline -0.002 -14"><span class='ocrx_word' id='word_1_400' title='bbox 217 4216 290 4259; x_wconf 81' lang='lat' dir='ltr'><strong>mur.</strong></span> <span class='ocrx_word' id='word_1_401' title='bbox 309 4200 441 4256; x_wconf 85' lang='lat' dir='ltr'><strong>Sicenim</strong></span> <span class='ocrx_word' id='word_1_402' title='bbox 466 4201 525 4256; x_wconf 91' lang='lat' dir='ltr'><strong>ait:</strong></span> <span class='ocrx_word' id='word_1_403' title='bbox 542 4203 614 4258; x_wconf 89' lang='lat' dir='ltr'><strong>Item</strong></span> <span class='ocrx_word' id='word_1_404' title='bbox 639 4209 700 4273; x_wconf 85' lang='lat' dir='ltr'><strong>post</strong></span> <span class='ocrx_word' id='word_1_405' title='bbox 721 4220 815 4273; x_wconf 84' lang='lat' dir='ltr'><strong>pauca</strong></span> <span class='ocrx_word' id='word_1_406' title='bbox 843 4205 969 4259; x_wconf 87' lang='lat' dir='ltr'><strong>addunt.</strong></span> <span class='ocrx_word' id='word_1_407' title='bbox 985 4203 1039 4257; x_wconf 89' lang='lat' dir='ltr'><strong>Pro</strong></span> 
     </span>
     <span class='ocr_line' id='line_1_59' title="bbox 218 4271 1039 4346; baseline 0.002 -21"><span class='ocrx_word' id='word_1_408' title='bbox 218 4272 321 4343; x_wconf 80' lang='lat' dir='ltr'><strong>quidm</strong></span> <span class='ocrx_word' id='word_1_409' title='bbox 338 4271 554 4338; x_wconf 77' lang='lat' dir='ltr'><strong>tibiofferimua,</strong></span> <span class='ocrx_word' id='word_1_410' title='bbox 570 4289 635 4329; x_wconf 92' lang='lat' dir='ltr'><strong>cum</strong></span> <span class='ocrx_word' id='word_1_411' title='bbox 654 4274 684 4327; x_wconf 91' lang='lat' dir='ltr'><strong>in</strong></span> <span class='ocrx_word' id='word_1_412' title='bbox 696 4275 908 4346; x_wconf 82' lang='lat' dir='ltr'><strong>antiquioribus</strong></span> <span class='ocrx_word' id='word_1_413' title='bbox 925 4281 949 4327; x_wconf 90' lang='lat' dir='ltr'><strong>et</strong></span> <span class='ocrx_word' id='word_1_414' title='bbox 962 4290 1039 4330; x_wconf 86' lang='lat' dir='ltr'><strong>vcro-</strong></span> 
     </span>
     <span class='ocr_line' id='line_1_60' title="bbox 217 4341 1039 4413; baseline 0.004 -16"><span class='ocrx_word' id='word_1_415' title='bbox 217 4341 341 4397; x_wconf 84' lang='lat' dir='ltr'><strong>ciom&#39;bus</strong></span> <span class='ocrx_word' id='word_1_416' title='bbox 351 4341 603 4408; x_wconf 77' lang='lat' dir='ltr'><strong>Sacramentomis,</strong></span> <span class='ocrx_word' id='word_1_417' title='bbox 612 4346 741 4401; x_wconf 87' lang='lat' dir='ltr'><strong>nonnisi</strong></span> <span class='ocrx_word' id='word_1_418' title='bbox 755 4346 809 4400; x_wconf 82' lang='lat' dir='ltr'><strong>sub</strong></span> <span class='ocrx_word' id='word_1_419' title='bbox 821 4346 905 4400; x_wconf 85' lang='lat' dir='ltr'><strong>tertia</strong></span> <span class='ocrx_word' id='word_1_420' title='bbox 917 4360 1039 4413; x_wconf 76' lang='lat' dir='ltr'><strong>persam</strong></span> 
     </span>
     <span class='ocr_line' id='line_1_61' title="bbox 218 4412 1037 4483; baseline 0 -14"><span class='ocrx_word' id='word_1_421' title='bbox 218 4413 369 4481; x_wconf 70' lang='lat' dir='ltr'><strong>offerentes</strong></span> <span class='ocrx_word' id='word_1_422' title='bbox 381 4412 420 4466; x_wconf 91' lang='lat' dir='ltr'><strong>ibi</strong></span> <span class='ocrx_word' id='word_1_423' title='bbox 430 4413 627 4483; x_wconf 82' lang='lat' dir='ltr'><strong>reperiuntur.</strong></span> <span class='ocrx_word' id='word_1_424' title='bbox 641 4415 717 4473; x_wconf 90' lang='lat' dir='ltr'><strong>Usus</strong></span> <span class='ocrx_word' id='word_1_425' title='bbox 726 4420 823 4471; x_wconf 87' lang='lat' dir='ltr'><strong>tamen</strong></span> <span class='ocrx_word' id='word_1_426' title='bbox 835 4416 958 4471; x_wconf 86' lang='lat' dir='ltr'><strong>obtinuit</strong></span> <span class='ocrx_word' id='word_1_427' title='bbox 970 4419 999 4469; x_wconf 92' lang='lat' dir='ltr'><strong>ut</strong></span> <span class='ocrx_word' id='word_1_428' title='bbox 1010 4416 1037 4469; x_wconf 90' lang='lat' dir='ltr'><strong>in</strong></span> 
     </span>
     <span class='ocr_line' id='line_1_62' title="bbox 218 4481 1039 4557; baseline 0.005 -20"><span class='ocrx_word' id='word_1_429' title='bbox 218 4481 383 4537; x_wconf 87' lang='lat' dir='ltr'><strong>Missalihus</strong></span> <span class='ocrx_word' id='word_1_430' title='bbox 398 4484 535 4538; x_wconf 85' lang='lat' dir='ltr'><strong>Romanis</strong></span> <span class='ocrx_word' id='word_1_431' title='bbox 550 4487 578 4539; x_wconf 91' lang='lat' dir='ltr'><strong>et</strong></span> <span class='ocrx_word' id='word_1_432' title='bbox 593 4485 656 4540; x_wconf 90' lang='lat' dir='ltr'><strong>aliis</strong></span> <span class='ocrx_word' id='word_1_433' title='bbox 681 4485 805 4556; x_wconf 87' lang='lat' dir='ltr'><strong>vulgatis</strong></span> <span class='ocrx_word' id='word_1_434' title='bbox 831 4487 960 4557; x_wconf 88' lang='lat' dir='ltr'><strong>legatur:</strong></span> <span class='ocrx_word' id='word_1_435' title='bbox 984 4487 1039 4541; x_wconf 89' lang='lat' dir='ltr'><strong>Pro</strong></span> 
     </span>
     <span class='ocr_line' id='line_1_63' title="bbox 219 4552 1039 4627; baseline 0.002 -19"><span class='ocrx_word' id='word_1_436' title='bbox 219 4552 320 4625; x_wconf 84' lang='lat' dir='ltr'><strong>quibus</strong></span> <span class='ocrx_word' id='word_1_437' title='bbox 335 4553 389 4609; x_wconf 87' lang='lat' dir='ltr'><strong>tibt</strong></span> <span class='ocrx_word' id='word_1_438' title='bbox 400 4555 560 4623; x_wconf 73' lang='lat' dir='ltr'><strong>offerimus,</strong></span> <span class='ocrx_word' id='word_1_439' title='bbox 576 4558 620 4611; x_wconf 87' lang='lat' dir='ltr'><strong>oet</strong></span> <span class='ocrx_word' id='word_1_440' title='bbox 630 4556 680 4627; x_wconf 76' lang='lat' dir='ltr'><strong>grui</strong></span> <span class='ocrx_word' id='word_1_441' title='bbox 688 4557 880 4626; x_wconf 67' lang='lat' dir='ltr'><strong>obtullerunt,</strong></span> <span class='ocrx_word' id='word_1_442' title='bbox 898 4556 944 4611; x_wconf 89' lang='lat' dir='ltr'><strong>ubi</strong></span> <span class='ocrx_word' id='word_1_443' title='bbox 955 4557 1039 4626; x_wconf 90' lang='lat' dir='ltr'><strong>parti-</strong></span> 
     </span>
     <span class='ocr_line' id='line_1_64' title="bbox 219 4623 1038 4697; baseline -0.004 -17"><span class='ocrx_word' id='word_1_444' title='bbox 219 4623 284 4680; x_wconf 90' lang='lat' dir='ltr'><strong>cula</strong></span> <span class='ocrx_word' id='word_1_445' title='bbox 302 4623 473 4694; x_wconf 86' lang='lat' dir='ltr'><strong>disjunctiva</strong></span> <span class='ocrx_word' id='word_1_446' title='bbox 500 4626 541 4681; x_wconf 86' lang='lat' dir='ltr'><strong>uel</strong></span> <span class='ocrx_word' id='word_1_447' title='bbox 569 4632 721 4697; x_wconf 88' lang='lat' dir='ltr'><strong>usurpatur</strong></span> <span class='ocrx_word' id='word_1_448' title='bbox 742 4645 792 4697; x_wconf 90' lang='lat' dir='ltr'><strong>pro</strong></span> <span class='ocrx_word' id='word_1_449' title='bbox 814 4628 974 4697; x_wconf 84' lang='lat' dir='ltr'><strong>copulativa</strong></span> <span class='ocrx_word' id='word_1_450' title='bbox 1001 4634 1038 4691; x_wconf 85' lang='lat' dir='ltr'><strong>et,</strong></span> 
     </span>
     <span class='ocr_line' id='line_1_65' title="bbox 220 4694 1038 4766; baseline 0.005 -18"><span class='ocrx_word' id='word_1_451' title='bbox 220 4694 295 4765; x_wconf 81' lang='lat' dir='ltr'><strong>quod</strong></span> <span class='ocrx_word' id='word_1_452' title='bbox 310 4712 384 4765; x_wconf 86' lang='lat' dir='ltr'><strong>saepe</strong></span> <span class='ocrx_word' id='word_1_453' title='bbox 396 4695 545 4766; x_wconf 87' lang='lat' dir='ltr'><strong>contingit,</strong></span> <span class='ocrx_word' id='word_1_454' title='bbox 561 4702 592 4753; x_wconf 92' lang='lat' dir='ltr'><strong>ut</strong></span> <span class='ocrx_word' id='word_1_455' title='bbox 607 4715 664 4753; x_wconf 92' lang='lat' dir='ltr'><strong>non</strong></span> <span class='ocrx_word' id='word_1_456' title='bbox 680 4699 769 4754; x_wconf 88' lang='lat' dir='ltr'><strong>semel</strong></span> <span class='ocrx_word' id='word_1_457' title='bbox 782 4698 995 4754; x_wconf 84' lang='lat' dir='ltr'><strong>observavimus</strong></span> <span class='ocrx_word' id='word_1_458' title='bbox 1011 4697 1038 4752; x_wconf 93' lang='lat' dir='ltr'><strong>in</strong></span> 
     </span>
     <span class='ocr_line' id='line_1_66' title="bbox 220 4766 851 4841; baseline 0.005 -20"><span class='ocrx_word' id='word_1_459' title='bbox 220 4766 326 4821; x_wconf 86' lang='lat' dir='ltr'><strong>nostris</strong></span> <span class='ocrx_word' id='word_1_460' title='bbox 340 4766 416 4822; x_wconf 91' lang='lat' dir='ltr'><strong>nolis</strong></span> <span class='ocrx_word' id='word_1_461' title='bbox 430 4769 465 4822; x_wconf 90' lang='lat' dir='ltr'><strong>ad</strong></span> <span class='ocrx_word' id='word_1_462' title='bbox 477 4769 665 4825; x_wconf 81' lang='lat' dir='ltr'><strong>Concordiam</strong></span> <span class='ocrx_word' id='word_1_463' title='bbox 678 4770 851 4841; x_wconf 82' lang='lat' dir='ltr'><strong>regularum.</strong></span> 
     </span>
    </p>

    <p class='ocr_par' dir='ltr' id='par_1_16' title="bbox 219 4836 1044 5478">
     <span class='ocr_line' id='line_1_67' title="bbox 255 4836 1041 4909; baseline 0.003 -18"><span class='ocrx_word' id='word_1_464' title='bbox 255 4836 300 4892; x_wconf 85' lang='lat'><strong>37.</strong></span> <span class='ocrx_word' id='word_1_465' title='bbox 318 4837 385 4893; x_wconf 89' lang='lat' dir='ltr'><strong>Vota</strong></span> <span class='ocrx_word' id='word_1_466' title='bbox 400 4854 462 4895; x_wconf 86' lang='lat' dir='ltr'><strong>sua.</strong></span> <span class='ocrx_word' id='word_1_467' title='bbox 480 4838 553 4903; x_wconf 85' lang='lat' dir='ltr'><strong>Quid</strong></span> <span class='ocrx_word' id='word_1_468' title='bbox 569 4844 666 4896; x_wconf 71' lang='lat' dir='ltr'><strong>rotun]</strong></span> <span class='ocrx_word' id='word_1_469' title='bbox 687 4840 817 4895; x_wconf 93' lang='lat' dir='ltr'><strong>hocloco</strong></span> <span class='ocrx_word' id='word_1_470' title='bbox 839 4838 979 4909; x_wconf 77' lang='lat' dir='ltr'><strong>significet</strong></span> <span class='ocrx_word' id='word_1_471' title='bbox 993 4840 1041 4893; x_wconf 87' lang='lat' dir='ltr'><strong>do-</strong></span> 
     </span>
     <span class='ocr_line' id='line_1_68' title="bbox 220 4910 1042 4982; baseline 0.002 -20"><span class='ocrx_word' id='word_1_472' title='bbox 220 4911 265 4963; x_wconf 88' lang='lat' dir='ltr'><strong>cet</strong></span> <span class='ocrx_word' id='word_1_473' title='bbox 277 4914 392 4964; x_wconf 89' lang='lat' dir='ltr'><strong>sanetus</strong></span> <span class='ocrx_word' id='word_1_474' title='bbox 407 4910 580 4981; x_wconf 83' lang='lat' dir='ltr'><strong>Augustinus</strong></span> <span class='ocrx_word' id='word_1_475' title='bbox 594 4911 675 4982; x_wconf 89' lang='lat' dir='ltr'><strong>epist.</strong></span> <span class='ocrx_word' id='word_1_476' title='bbox 688 4912 733 4979; x_wconf 75' lang='lat'><strong>59,</strong></span> <span class='ocrx_word' id='word_1_477' title='bbox 744 4913 782 4967; x_wconf 86' lang='lat' dir='ltr'><strong>sd</strong></span> <span class='ocrx_word' id='word_1_478' title='bbox 791 4911 940 4966; x_wconf 86' lang='lat' dir='ltr'><strong>Paulinum</strong></span> <span class='ocrx_word' id='word_1_479' title='bbox 949 4912 1042 4967; x_wconf 86' lang='lat' dir='ltr'><strong>(Nunc</strong></span> 
     </span>
     <span class='ocr_line' id='line_1_69' title="bbox 220 4978 1042 5052; baseline 0.001 -19"><span class='ocrx_word' id='word_1_480' title='bbox 220 4978 266 5049; x_wconf 77' lang='lat' dir='ltr'><strong>ou)</strong></span> <span class='ocrx_word' id='word_1_481' title='bbox 284 4997 291 5033; x_wconf 76' lang='grc' dir='ltr'><strong>ε</strong></span> <span class='ocrx_word' id='word_1_482' title='bbox 306 4980 399 5035; x_wconf 86' lang='lat' dir='ltr'><strong>Porro</strong></span> <span class='ocrx_word' id='word_1_483' title='bbox 414 4996 439 5036; x_wconf 82' lang='lat' dir='ltr'><strong>st</strong></span> <span class='ocrx_word' id='word_1_484' title='bbox 455 4981 605 5047; x_wconf 77' lang='lat' dir='ltr'><strong>usitatius,</strong></span> <span class='ocrx_word' id='word_1_485' title='bbox 632 4989 665 5037; x_wconf 90' lang='lat' dir='ltr'><strong>ut</strong></span> <span class='ocrx_word' id='word_1_486' title='bbox 680 4982 746 5039; x_wconf 78' lang='lat' dir='ltr'><strong>diri</strong></span> <span class='ocrx_word' id='word_1_487' title='bbox 771 4987 802 5038; x_wconf 87' lang='lat' dir='ltr'><strong>in</strong></span> <span class='ocrx_word' id='word_1_488' title='bbox 827 4983 980 5052; x_wconf 71' lang='lat' dir='ltr'><strong>Scriptores</strong></span> <span class='ocrx_word' id='word_1_489' title='bbox 995 4996 1042 5038; x_wconf 86' lang='lat' dir='ltr'><strong>uo-</strong></span> 
     </span>
     <span class='ocr_line' id='line_1_70' title="bbox 222 5051 1043 5131; baseline 0.006 -28"><span class='ocrx_word' id='word_1_490' title='bbox 222 5055 284 5104; x_wconf 89' lang='lat' dir='ltr'><strong>tum</strong></span> <span class='ocrx_word' id='word_1_491' title='bbox 296 5051 465 5131; x_wconf 82' lang='lat' dir='ltr'><strong>opreiiotur</strong></span> <span class='ocrx_word' id='word_1_492' title='bbox 479 5053 558 5124; x_wconf 73' lang='grc' dir='ltr'>εὐχὴ,</span> <span class='ocrx_word' id='word_1_493' title='bbox 575 5060 690 5124; x_wconf 77' lang='lat' dir='ltr'><strong>excepta</strong></span> <span class='ocrx_word' id='word_1_494' title='bbox 708 5057 821 5110; x_wconf 85' lang='lat' dir='ltr'><strong>nornine</strong></span> <span class='ocrx_word' id='word_1_495' title='bbox 843 5053 1043 5116; x_wconf 67' lang='lat' dir='ltr'><strong>draconinis</strong></span> 
     </span>
     <span class='ocr_line' id='line_1_71' title="bbox 219 5120 1043 5196; baseline 0.004 -23"><span class='ocrx_word' id='word_1_496' title='bbox 219 5134 337 5189; x_wconf 81' lang='lat' dir='ltr'><strong>propne</strong></span> <span class='ocrx_word' id='word_1_497' title='bbox 352 5120 541 5189; x_wconf 85' lang='lat' dir='ltr'><strong>inteiligmdo</strong></span> <span class='ocrx_word' id='word_1_498' title='bbox 565 5128 608 5180; x_wconf 87' lang='lat' dir='ltr'><strong>est</strong></span> <span class='ocrx_word' id='word_1_499' title='bbox 624 5125 731 5188; x_wconf 82' lang='lat' dir='ltr'><strong>(trotio,</strong></span> <span class='ocrx_word' id='word_1_500' title='bbox 757 5142 845 5196; x_wconf 84' lang='lat' dir='ltr'><strong>guam</strong></span> <span class='ocrx_word' id='word_1_501' title='bbox 863 5124 989 5194; x_wconf 76' lang='lat' dir='ltr'><strong>sicinius</strong></span> <span class='ocrx_word' id='word_1_502' title='bbox 1004 5123 1043 5177; x_wconf 87' lang='lat' dir='ltr'><strong>od</strong></span> 
     </span>
     <span class='ocr_line' id='line_1_72' title="bbox 221 5190 1042 5265; baseline 0.007 -22"><span class='ocrx_word' id='word_1_503' title='bbox 221 5195 331 5255; x_wconf 77' lang='lat' dir='ltr'><strong>vetrum,</strong></span> <span class='ocrx_word' id='word_1_504' title='bbox 344 5190 372 5244; x_wconf 92' lang='lat' dir='ltr'><strong>id</strong></span> <span class='ocrx_word' id='word_1_505' title='bbox 385 5197 429 5246; x_wconf 87' lang='lat' dir='ltr'><strong>est</strong></span> <span class='ocrx_word' id='word_1_506' title='bbox 437 5198 501 5263; x_wconf 82' lang='grc' dir='ltr'><strong>πρὸς</strong></span> <span class='ocrx_word' id='word_1_507' title='bbox 512 5194 603 5264; x_wconf 73' lang='grc' dir='ltr'><strong>ιὺχήν.</strong></span> <span class='ocrx_word' id='word_1_508' title='bbox 622 5195 967 5250; x_wconf 85' lang='lat' dir='ltr'><strong>Vouenturautemomnio</strong></span> <span class='ocrx_word' id='word_1_509' title='bbox 977 5208 1042 5265; x_wconf 80' lang='lat' dir='ltr'><strong>queo</strong></span> 
     </span>
     <span class='ocr_line' id='line_1_73' title="bbox 221 5258 1042 5336; baseline 0.005 -22"><span class='ocrx_word' id='word_1_510' title='bbox 221 5258 1042 5336; x_wconf 71' lang='lat' dir='ltr'><strong>offerunturDeamcnimcsonctiottorisobiectaqueso·</strong></span> 
     </span>
     <span class='ocr_line' id='line_1_74' title="bbox 220 5333 1042 5401; baseline 0.006 -15"><span class='ocrx_word' id='word_1_511' title='bbox 220 5333 763 5401; x_wconf 75' lang='lat' dir='ltr'><strong>cramemopradtcuturnostrumattud</strong></span> <span class='ocrx_word' id='word_1_512' title='bbox 772 5343 868 5392; x_wconf 87' lang='lat' dir='ltr'><strong>uotum</strong></span> <span class='ocrx_word' id='word_1_513' title='bbox 874 5337 1042 5400; x_wconf 77' lang='lat' dir='ltr'><strong>marimum,</strong></span> 
     </span>
     <span class='ocr_line' id='line_1_75' title="bbox 221 5402 1044 5478; baseline 0.005 -23"><span class='ocrx_word' id='word_1_514' title='bbox 221 5415 277 5472; x_wconf 83' lang='lat' dir='ltr'><strong>guo</strong></span> <span class='ocrx_word' id='word_1_515' title='bbox 289 5417 340 5456; x_wconf 86' lang='lat' dir='ltr'><strong>nos</strong></span> <span class='ocrx_word' id='word_1_516' title='bbox 353 5402 524 5462; x_wconf 86' lang='lat' dir='ltr'><strong>vovimusin</strong></span> <span class='ocrx_word' id='word_1_517' title='bbox 535 5404 645 5460; x_wconf 84' lang='lat' dir='ltr'><strong>Christo</strong></span> <span class='ocrx_word' id='word_1_518' title='bbox 657 5422 712 5462; x_wconf 82' lang='lat' dir='ltr'><strong>este</strong></span> <span class='ocrx_word' id='word_1_519' title='bbox 721 5422 885 5471; x_wconf 78' lang='lat' dir='ltr'><strong>nionsuroa,</strong></span> <span class='ocrx_word' id='word_1_520' title='bbox 901 5414 1001 5478; x_wconf 78' lang='lat' dir='ltr'><strong>utrque</strong></span> <span class='ocrx_word' id='word_1_521' title='bbox 1015 5407 1044 5460; x_wconf 88' lang='lat' dir='ltr'><strong>in</strong></span> 
     </span>
    </p>
   </div>
   <div class='ocr_carea' id='block_1_10' title="bbox 217 5525 1047 5814">
    <p class='ocr_par' dir='ltr' id='par_1_17' title="bbox 217 5525 1047 5814">
     <span class='ocr_line' id='line_1_76' title="bbox 256 5525 1043 5599; baseline 0.001 -19"><span class='ocrx_word' id='word_1_522' title='bbox 256 5526 315 5580; x_wconf 69' lang='lat' dir='ltr'><strong>¹lu</strong></span> <span class='ocrx_word' id='word_1_523' title='bbox 331 5525 447 5590; x_wconf 79' lang='lat' dir='ltr'><strong>(lomet,</strong></span> <span class='ocrx_word' id='word_1_524' title='bbox 464 5526 569 5583; x_wconf 62' lang='lat' dir='ltr'><strong>&amp;emm</strong></span> <span class='ocrx_word' id='word_1_525' title='bbox 583 5534 609 5582; x_wconf 90' lang='lat' dir='ltr'><strong>et</strong></span> <span class='ocrx_word' id='word_1_526' title='bbox 627 5527 722 5593; x_wconf 67' lang='lat' dir='ltr'><strong>Dum„</strong></span> <span class='ocrx_word' id='word_1_527' title='bbox 747 5529 870 5599; x_wconf 81' lang='lat' dir='ltr'><strong>Georgii.</strong></span> <span class='ocrx_word' id='word_1_528' title='bbox 890 5528 1043 5591; x_wconf 85' lang='lat' dir='ltr'><strong>Benedicti,</strong></span> 
     </span>
     <span class='ocr_line' id='line_1_77' title="bbox 217 5596 1044 5670; baseline 0 -17"><span class='ocrx_word' id='word_1_529' title='bbox 217 5596 353 5664; x_wconf 80' lang='lat' dir='ltr'><strong>Martini,</strong></span> <span class='ocrx_word' id='word_1_530' title='bbox 368 5597 502 5667; x_wconf 82' lang='lat' dir='ltr'><strong>Gregorii</strong></span> <span class='ocrx_word' id='word_1_531' title='bbox 528 5604 554 5653; x_wconf 89' lang='lat' dir='ltr'><strong>et</strong></span> <span class='ocrx_word' id='word_1_532' title='bbox 573 5597 699 5653; x_wconf 88' lang='lat' dir='ltr'><strong>omnium</strong></span> <span class='ocrx_word' id='word_1_533' title='bbox 721 5600 942 5655; x_wconf 75' lang='lat' dir='ltr'><strong>structurarum</strong></span> <span class='ocrx_word' id='word_1_534' title='bbox 958 5600 1044 5670; x_wconf 89' lang='lat' dir='ltr'><strong>primo</strong></span> 
     </span>
     <span class='ocr_line' id='line_1_78' title="bbox 220 5666 1047 5742; baseline 0.004 -18"><span class='ocrx_word' id='word_1_535' title='bbox 220 5666 342 5735; x_wconf 83' lang='lat' dir='ltr'><strong>Theod,</strong></span> <span class='ocrx_word' id='word_1_536' title='bbox 357 5670 467 5727; x_wconf 77' lang='lat' dir='ltr'><strong>Coamce</strong></span> <span class='ocrx_word' id='word_1_537' title='bbox 477 5672 502 5724; x_wconf 86' lang='lat' dir='ltr'><strong>et</strong></span> <span class='ocrx_word' id='word_1_538' title='bbox 517 5669 611 5734; x_wconf 84' lang='lat' dir='ltr'><strong>Dum,</strong></span> <span class='ocrx_word' id='word_1_539' title='bbox 628 5676 656 5726; x_wconf 90' lang='lat' dir='ltr'><strong>et</strong></span> <span class='ocrx_word' id='word_1_540' title='bbox 667 5669 787 5727; x_wconf 81' lang='lat' dir='ltr'><strong>iliorum</strong></span> <span class='ocrx_word' id='word_1_541' title='bbox 807 5686 933 5742; x_wconf 75' lang='lat' dir='ltr'><strong>tuorum</strong></span> <span class='ocrx_word' id='word_1_542' title='bbox 959 5670 1047 5727; x_wconf 86' lang='lat' dir='ltr'><strong>hodic</strong></span> 
     </span>
     <span class='ocr_line' id='line_1_79' title="bbox 220 5738 1046 5814; baseline 0.008 -20"><span class='ocrx_word' id='word_1_543' title='bbox 220 5738 1046 5814; x_wconf 75' lang='lat' dir='ltr'><strong>autemuttutsmcourpenugtonutueceuoruturutuu</strong></span> 
     </span>
    </p>
   </div>
   <div class='ocr_carea' id='block_1_11' title="bbox 1080 445 1700 636">
    <p class='ocr_par' dir='ltr' id='par_1_18' title="bbox 1080 445 1700 636">
     <span class='ocr_line' id='line_1_80' title="bbox 1080 445 1535 519; baseline -0.004 -17"><span class='ocrx_word' id='word_1_544' title='bbox 1080 462 1175 519; x_wconf 83' lang='lat' dir='ltr'><strong>preces</strong></span> <span class='ocrx_word' id='word_1_545' title='bbox 1194 446 1282 503; x_wconf 86' lang='lat' dir='ltr'><strong>etium</strong></span> <span class='ocrx_word' id='word_1_546' title='bbox 1297 446 1374 516; x_wconf 86' lang='lat' dir='ltr'><strong>apud</strong></span> <span class='ocrx_word' id='word_1_547' title='bbox 1389 445 1535 502; x_wconf 86' lang='lat' dir='ltr'><strong>ethnicos:</strong></span> 
     </span>
     <span class='ocr_line' id='line_1_81' title="bbox 1301 556 1700 636; baseline -0.02 -9.948"><span class='ocrx_word' id='word_1_548' title='bbox 1301 616 1306 628; x_wconf 93' lang='lat'><strong>.</strong></span> <span class='ocrx_word' id='word_1_549' title='bbox 1316 586 1416 629; x_wconf 81' lang='lat' dir='ltr'><strong>,cessus</strong></span> <span class='ocrx_word' id='word_1_550' title='bbox 1430 572 1456 621; x_wconf 89' lang='lat' dir='ltr'><strong>in</strong></span> <span class='ocrx_word' id='word_1_551' title='bbox 1472 573 1535 621; x_wconf 85' lang='lat' dir='ltr'><strong>rota</strong></span> <span class='ocrx_word' id='word_1_552' title='bbox 1545 556 1700 636; x_wconf 84' lang='lat' dir='ltr'><strong>precesque.</strong></span> 
     </span>
    </p>
   </div>
   <div class='ocr_carea' id='block_1_12' title="bbox 1080 682 1907 969">
    <p class='ocr_par' dir='ltr' id='par_1_19' title="bbox 1080 682 1907 969">
     <span class='ocr_line' id='line_1_82' title="bbox 1116 682 1905 745; baseline -0.006 -2"><span class='ocrx_word' id='word_1_553' title='bbox 1116 689 1161 743; x_wconf 87' lang='grc'><strong>38.</strong></span> <span class='ocrx_word' id='word_1_554' title='bbox 1179 688 1439 745; x_wconf 87' lang='lat' dir='ltr'><strong>Communicontcs.</strong></span> <span class='ocrx_word' id='word_1_555' title='bbox 1467 685 1608 742; x_wconf 81' lang='lat' dir='ltr'><strong>Memoria</strong></span> <span class='ocrx_word' id='word_1_556' title='bbox 1624 688 1787 740; x_wconf 87' lang='lat' dir='ltr'><strong>sanctornm</strong></span> <span class='ocrx_word' id='word_1_557' title='bbox 1804 682 1905 739; x_wconf 81' lang='lat' dir='ltr'><strong>rideli-</strong></span> 
     </span>
     <span class='ocr_line' id='line_1_83' title="bbox 1080 755 1907 885; baseline -0.007 -70"><span class='ocrx_word' id='word_1_558' title='bbox 1080 766 1134 823; x_wconf 88' lang='lat' dir='ltr'><strong>cet,</strong></span> <span class='ocrx_word' id='word_1_559' title='bbox 1150 759 1215 885; x_wconf 50' lang='lat' dir='ltr'><strong>qui?</strong></span> <span class='ocrx_word' id='word_1_560' title='bbox 1232 760 1358 815; x_wconf 88' lang='lat' dir='ltr'><strong>militans</strong></span> <span class='ocrx_word' id='word_1_561' title='bbox 1385 759 1507 815; x_wconf 82' lang='lat' dir='ltr'><strong>Ecclesia</strong></span> <span class='ocrx_word' id='word_1_562' title='bbox 1531 774 1595 814; x_wconf 82' lang='lat' dir='ltr'><strong>curn</strong></span> <span class='ocrx_word' id='word_1_563' title='bbox 1613 755 1806 826; x_wconf 85' lang='lat' dir='ltr'><strong>triumphante</strong></span> <span class='ocrx_word' id='word_1_564' title='bbox 1828 772 1907 809; x_wconf 90' lang='lat' dir='ltr'><strong>com·</strong></span> 
     </span>
     <span class='ocr_line' id='line_1_84' title="bbox 1134 848 1438 885; baseline -0.007 -10"><span class='ocrx_word' id='word_1_565' title='bbox 1134 848 1150 885; x_wconf 77' lang='lat' dir='ltr'>n</span> <span class='ocrx_word' id='word_1_566' title='bbox 1215 873 1220 885; x_wconf 53' lang='grc' dir='ltr'>Ι</span> <span class='ocrx_word' id='word_1_567' title='bbox 1435 870 1438 873; x_wconf 97' lang='grc'>.</span> 
     </span>
     <span class='ocr_line' id='line_1_85' title="bbox 1081 848 1907 969; baseline -0.007 -13"><span class='ocrx_word' id='word_1_568' title='bbox 1081 848 1218 957; x_wconf 59' lang='lat' dir='ltr'><strong>mii8ich&#39;t</strong></span> <span class='ocrx_word' id='word_1_569' title='bbox 1231 902 1381 957; x_wconf 87' lang='lat' dir='ltr'><strong>memorim</strong></span> <span class='ocrx_word' id='word_1_570' title='bbox 1397 908 1576 957; x_wconf 77' lang='lat' dir='ltr'><strong>cenci-untes.</strong></span> <span class='ocrx_word' id='word_1_571' title='bbox 1593 899 1623 953; x_wconf 93' lang='lat' dir='ltr'><strong>ln</strong></span> <span class='ocrx_word' id='word_1_572' title='bbox 1639 897 1759 969; x_wconf 87' lang='lat' dir='ltr'><strong>liturgiis</strong></span> <span class='ocrx_word' id='word_1_573' title='bbox 1771 895 1907 953; x_wconf 90' lang='lat' dir='ltr'><strong>omnibus</strong></span> 
     </span>
    </p>
   </div>
   <div class='ocr_carea' id='block_1_13' title="bbox 1009 969 1907 1051">
    <p class='ocr_par' dir='ltr' id='par_1_20' title="bbox 1009 969 1907 1051">
     <span class='ocr_line' id='line_1_86' title="bbox 1009 969 1907 1051; baseline -0.003 -27"><span class='ocrx_word' id='word_1_574' title='bbox 1009 1014 1014 1024; x_wconf 91' lang='lat'><strong>.</strong></span> <span class='ocrx_word' id='word_1_575' title='bbox 1081 973 1447 1028; x_wconf 88' lang='lat' dir='ltr'><strong>habeturcommemeratio</strong></span> <span class='ocrx_word' id='word_1_576' title='bbox 1473 976 1637 1025; x_wconf 86' lang='lat' dir='ltr'><strong>sanctorum</strong></span> <span class='ocrx_word' id='word_1_577' title='bbox 1657 969 1907 1051; x_wconf 80' lang='lat' dir='ltr'><strong>juataantiquum</strong></span> 
     </span>
    </p>
   </div>
   <div class='ocr_carea' id='block_1_14' title="bbox 1081 1037 1921 4443">
    <p class='ocr_par' dir='ltr' id='par_1_21' title="bbox 1081 1037 1915 2883">
     <span class='ocr_line' id='line_1_87' title="bbox 1082 1037 1908 1111; baseline -0.008 -12"><span class='ocrx_word' id='word_1_578' title='bbox 1082 1061 1202 1099; x_wconf 89' lang='lat' dir='ltr'><strong>morem.</strong></span> <span class='ocrx_word' id='word_1_579' title='bbox 1216 1046 1274 1099; x_wconf 87' lang='lat' dir='ltr'><strong>Hoc</strong></span> <span class='ocrx_word' id='word_1_580' title='bbox 1286 1043 1362 1099; x_wconf 89' lang='lat' dir='ltr'><strong>enim</strong></span> <span class='ocrx_word' id='word_1_581' title='bbox 1375 1042 1544 1097; x_wconf 77' lang='lat' dir='ltr'><strong>sacrificium</strong></span> <span class='ocrx_word' id='word_1_582' title='bbox 1559 1057 1614 1096; x_wconf 93' lang='lat' dir='ltr'><strong>non</strong></span> <span class='ocrx_word' id='word_1_583' title='bbox 1630 1045 1722 1111; x_wconf 90' lang='lat' dir='ltr'><strong>potest</strong></span> <span class='ocrx_word' id='word_1_584' title='bbox 1734 1037 1908 1105; x_wconf 86' lang='lat' dir='ltr'><strong>ollern,n1si</strong></span> 
     </span>
     <span class='ocr_line' id='line_1_88' title="bbox 1081 1114 1896 1183; baseline -0.007 -13"><span class='ocrx_word' id='word_1_585' title='bbox 1081 1116 1110 1170; x_wconf 94' lang='lat' dir='ltr'><strong>in</strong></span> <span class='ocrx_word' id='word_1_586' title='bbox 1124 1115 1329 1170; x_wconf 87' lang='lat' dir='ltr'><strong>communione</strong></span> <span class='ocrx_word' id='word_1_587' title='bbox 1344 1120 1520 1177; x_wconf 88' lang='lat' dir='ltr'><strong>sanctorum,</strong></span> <span class='ocrx_word' id='word_1_588' title='bbox 1536 1128 1657 1183; x_wconf 87' lang='lat' dir='ltr'><strong>quorum</strong></span> <span class='ocrx_word' id='word_1_589' title='bbox 1672 1114 1816 1165; x_wconf 70' lang='lat' dir='ltr'><strong>memorias</strong></span> <span class='ocrx_word' id='word_1_590' title='bbox 1829 1126 1896 1165; x_wconf 88' lang='lat' dir='ltr'><strong>com</strong></span> 
     </span>
     <span class='ocr_line' id='line_1_89' title="bbox 1082 1185 1907 1256; baseline -0.007 -15"><span class='ocrx_word' id='word_1_591' title='bbox 1082 1186 1410 1256; x_wconf 81' lang='lat' dir='ltr'><strong>manicemustanquam</strong></span> <span class='ocrx_word' id='word_1_592' title='bbox 1426 1185 1476 1239; x_wconf 88' lang='lat' dir='ltr'><strong>tilii</strong></span> <span class='ocrx_word' id='word_1_593' title='bbox 1488 1188 1613 1255; x_wconf 89' lang='lat' dir='ltr'><strong>patrum,</strong></span> <span class='ocrx_word' id='word_1_594' title='bbox 1629 1186 1783 1237; x_wconf 87' lang='lat' dir='ltr'><strong>sectatores</strong></span> <span class='ocrx_word' id='word_1_595' title='bbox 1802 1197 1907 1252; x_wconf 82' lang='lat' dir='ltr'><strong>praece·</strong></span> 
     </span>
     <span class='ocr_line' id='line_1_90' title="bbox 1082 1252 1903 1327; baseline -0.007 -14"><span class='ocrx_word' id='word_1_596' title='bbox 1082 1257 1222 1327; x_wconf 88' lang='lat' dir='ltr'><strong>dentium,</strong></span> <span class='ocrx_word' id='word_1_597' title='bbox 1239 1262 1271 1312; x_wconf 89' lang='lat' dir='ltr'><strong>ut</strong></span> <span class='ocrx_word' id='word_1_598' title='bbox 1285 1258 1368 1311; x_wconf 91' lang='lat' dir='ltr'><strong>docet</strong></span> <span class='ocrx_word' id='word_1_599' title='bbox 1382 1256 1515 1311; x_wconf 69' lang='lat' dir='ltr'><strong>alcuinus</strong></span> <span class='ocrx_word' id='word_1_600' title='bbox 1540 1271 1602 1326; x_wconf 87' lang='lat' dir='ltr'><strong>cap.</strong></span> <span class='ocrx_word' id='word_1_601' title='bbox 1619 1255 1630 1307; x_wconf 89' lang='lat' dir='ltr'><strong>l</strong></span> <span class='ocrx_word' id='word_1_602' title='bbox 1649 1255 1684 1309; x_wconf 90' lang='lat' dir='ltr'><strong>de</strong></span> <span class='ocrx_word' id='word_1_603' title='bbox 1700 1252 1806 1307; x_wconf 82' lang='lat' dir='ltr'><strong>Officiis</strong></span> <span class='ocrx_word' id='word_1_604' title='bbox 1820 1252 1903 1307; x_wconf 87' lang='lat' dir='ltr'><strong>eccle·</strong></span> 
     </span>
     <span class='ocr_line' id='line_1_91' title="bbox 1083 1324 1908 1393; baseline -0.008 -10"><span class='ocrx_word' id='word_1_605' title='bbox 1083 1328 1214 1383; x_wconf 89' lang='lat' dir='ltr'><strong>siaslicis.</strong></span> <span class='ocrx_word' id='word_1_606' title='bbox 1230 1329 1309 1383; x_wconf 91' lang='lat' dir='ltr'><strong>llunc</strong></span> <span class='ocrx_word' id='word_1_607' title='bbox 1323 1344 1435 1383; x_wconf 87' lang='lat' dir='ltr'><strong>rnorem</strong></span> <span class='ocrx_word' id='word_1_608' title='bbox 1449 1327 1544 1381; x_wconf 81' lang='lat' dir='ltr'><strong>ridere</strong></span> <span class='ocrx_word' id='word_1_609' title='bbox 1557 1334 1596 1380; x_wconf 90' lang='lat' dir='ltr'><strong>est</strong></span> <span class='ocrx_word' id='word_1_610' title='bbox 1608 1324 1747 1379; x_wconf 79' lang='lat' dir='ltr'><strong>catechesi</strong></span> <span class='ocrx_word' id='word_1_611' title='bbox 1761 1324 1778 1378; x_wconf 80' lang='grc'>5</span> <span class='ocrx_word' id='word_1_612' title='bbox 1800 1327 1908 1393; x_wconf 86' lang='lat' dir='ltr'><strong>mysta-</strong></span> 
     </span>
     <span class='ocr_line' id='line_1_92' title="bbox 1083 1394 1909 1473; baseline -0.01 -19"><span class='ocrx_word' id='word_1_613' title='bbox 1083 1400 1183 1473; x_wconf 88' lang='lat' dir='ltr'><strong>gogica</strong></span> <span class='ocrx_word' id='word_1_614' title='bbox 1208 1399 1299 1454; x_wconf 86' lang='lat' dir='ltr'><strong>sancti</strong></span> <span class='ocrx_word' id='word_1_615' title='bbox 1324 1398 1420 1470; x_wconf 90' lang='lat' dir='ltr'><strong>Cyrilli</strong></span> <span class='ocrx_word' id='word_1_616' title='bbox 1448 1395 1679 1468; x_wconf 80' lang='lat' dir='ltr'><strong>ierosolymitani</strong></span> <span class='ocrx_word' id='word_1_617' title='bbox 1703 1411 1709 1452; x_wconf 90' lang='lat'>:</span> <span class='ocrx_word' id='word_1_618' title='bbox 1734 1394 1784 1448; x_wconf 78' lang='lat' dir='ltr'><strong>tici</strong></span> <span class='ocrx_word' id='word_1_619' title='bbox 1808 1398 1909 1451; x_wconf 73' lang='grc' dir='ltr'><strong>ταύτην</strong></span> 
     </span>
     <span class='ocr_line' id='line_1_93' title="bbox 1083 1466 1909 1545; baseline -0.008 -22"><span class='ocrx_word' id='word_1_620' title='bbox 1083 1470 1259 1545; x_wconf 76' lang='lat' dir='ltr'><strong>aporpipogir</strong></span> <span class='ocrx_word' id='word_1_621' title='bbox 1290 1484 1331 1522; x_wconf 82' lang='lat' dir='ltr'><strong>eor</strong></span> <span class='ocrx_word' id='word_1_622' title='bbox 1348 1466 1451 1527; x_wconf 81' lang='grc' dir='ltr'><strong>θυσίαν,</strong></span> <span class='ocrx_word' id='word_1_623' title='bbox 1478 1468 1519 1519; x_wconf 82' lang='lat' dir='ltr'><strong>im</strong></span> <span class='ocrx_word' id='word_1_624' title='bbox 1538 1470 1734 1541; x_wconf 68' lang='lat' dir='ltr'><strong>pauperrimum</strong></span> <span class='ocrx_word' id='word_1_625' title='bbox 1753 1475 1801 1518; x_wconf 79' lang='grc' dir='ltr'><strong>τῶν</strong></span> <span class='ocrx_word' id='word_1_626' title='bbox 1816 1483 1909 1536; x_wconf 76' lang='grc' dir='ltr'>προκε-</span> 
     </span>
     <span class='ocr_line' id='line_1_94' title="bbox 1084 1536 1908 1614; baseline -0.008 -20"><span class='ocrx_word' id='word_1_627' title='bbox 1084 1540 1246 1613; x_wconf 74' lang='grc' dir='ltr'>κοιμημένων</span> <span class='ocrx_word' id='word_1_628' title='bbox 1259 1546 1551 1614; x_wconf 73' lang='grc' dir='ltr'><strong>πρῶτονΠατριαρχῶν,</strong></span> <span class='ocrx_word' id='word_1_629' title='bbox 1566 1546 1718 1613; x_wconf 71' lang='lat' dir='ltr'><strong>Gorgoneis,</strong></span> <span class='ocrx_word' id='word_1_630' title='bbox 1731 1536 1908 1601; x_wconf 69' lang='grc' dir='ltr'><strong>Ἀποστὸλων,</strong></span> 
     </span>
     <span class='ocr_line' id='line_1_95' title="bbox 1084 1608 1910 1686; baseline -0.01 -19"><span class='ocrx_word' id='word_1_631' title='bbox 1084 1620 1128 1667; x_wconf 89' lang='grc' dir='ltr'><strong>Μα</strong></span> <span class='ocrx_word' id='word_1_632' title='bbox 1147 1611 1399 1686; x_wconf 76' lang='grc' dir='ltr'>τύρων’ὀπωςὸθιός</span> <span class='ocrx_word' id='word_1_633' title='bbox 1410 1612 1500 1683; x_wconf 66' lang='grc' dir='ltr'>εὐχαῖς</span> <span class='ocrx_word' id='word_1_634' title='bbox 1511 1610 1648 1662; x_wconf 67' lang='grc' dir='ltr'><strong>αὐτῶνκαὶ</strong></span> <span class='ocrx_word' id='word_1_635' title='bbox 1661 1629 1679 1661; x_wconf 83' lang='grc' dir='ltr'>π</span> <span class='ocrx_word' id='word_1_636' title='bbox 1698 1608 1811 1669; x_wconf 70' lang='lat' dir='ltr'><strong>celicium</strong></span> <span class='ocrx_word' id='word_1_637' title='bbox 1821 1625 1910 1680; x_wconf 80' lang='grc' dir='ltr'>προσ-</span> 
     </span>
     <span class='ocr_line' id='line_1_96' title="bbox 1086 1628 1910 1755; baseline -0.005 -18"><span class='ocrx_word' id='word_1_638' title='bbox 1086 1632 1271 1755; x_wconf 51' lang='lat' dir='ltr'><strong>defimamus</strong></span> <span class='ocrx_word' id='word_1_639' title='bbox 1283 1680 1384 1741; x_wconf 77' lang='lat' dir='ltr'><strong>dinco.</strong></span> <span class='ocrx_word' id='word_1_640' title='bbox 1401 1683 1495 1737; x_wconf 87' lang='lat' dir='ltr'><strong>idest:</strong></span> <span class='ocrx_word' id='word_1_641' title='bbox 1507 1628 1773 1736; x_wconf 76' lang='lat' dir='ltr'><strong>Ethocsacriicium</strong></span> <span class='ocrx_word' id='word_1_642' title='bbox 1782 1679 1831 1734; x_wconf 87' lang='lat' dir='ltr'><strong>tibi</strong></span> <span class='ocrx_word' id='word_1_643' title='bbox 1841 1678 1910 1733; x_wconf 87' lang='lat' dir='ltr'><strong>olle·</strong></span> 
     </span>
     <span class='ocr_line' id='line_1_97' title="bbox 1086 1751 1911 1823; baseline -0.01 -12"><span class='ocrx_word' id='word_1_644' title='bbox 1086 1755 1182 1823; x_wconf 87' lang='lat' dir='ltr'><strong>rimus,</strong></span> <span class='ocrx_word' id='word_1_645' title='bbox 1200 1751 1911 1822; x_wconf 86' lang='lat' dir='ltr'><strong>utmeminerimusetiamcorumquiantenosdnr·</strong></span> 
     </span>
     <span class='ocr_line' id='line_1_98' title="bbox 1087 1823 1911 1896; baseline -0.01 -15"><span class='ocrx_word' id='word_1_646' title='bbox 1087 1824 1253 1881; x_wconf 82' lang='lat' dir='ltr'><strong>micruntin</strong></span> <span class='ocrx_word' id='word_1_647' title='bbox 1263 1824 1362 1896; x_wconf 87' lang='lat' dir='ltr'><strong>primis</strong></span> <span class='ocrx_word' id='word_1_648' title='bbox 1372 1823 1606 1894; x_wconf 83' lang='lat' dir='ltr'><strong>patriarcharum,</strong></span> <span class='ocrx_word' id='word_1_649' title='bbox 1618 1823 1911 1894; x_wconf 83' lang='lat' dir='ltr'><strong>p1·0phctarum,Apo·</strong></span> 
     </span>
     <span class='ocr_line' id='line_1_99' title="bbox 1087 1893 1912 1967; baseline -0.008 -14"><span class='ocrx_word' id='word_1_650' title='bbox 1087 1898 1260 1953; x_wconf 88' lang='lat' dir='ltr'><strong>stolorumet</strong></span> <span class='ocrx_word' id='word_1_651' title='bbox 1274 1893 1912 1967; x_wconf 86' lang='lat' dir='ltr'><strong>martyrum,utl)eusorationihnsillorumct</strong></span> 
     </span>
     <span class='ocr_line' id='line_1_100' title="bbox 1087 1963 1911 2039; baseline -0.007 -15"><span class='ocrx_word' id='word_1_652' title='bbox 1087 1966 1706 2039; x_wconf 85' lang='lat' dir='ltr'><strong>deprecationibussuscipiatprecesnostras.</strong></span> <span class='ocrx_word' id='word_1_653' title='bbox 1720 1963 1911 2035; x_wconf 86' lang='lat' dir='ltr'><strong>llinccapicn·</strong></span> 
     </span>
     <span class='ocr_line' id='line_1_101' title="bbox 1088 2034 1911 2109; baseline -0.006 -16"><span class='ocrx_word' id='word_1_654' title='bbox 1088 2037 1781 2109; x_wconf 75' lang='lat' dir='ltr'><strong>dasuntillaOptatilibun,charculoctDonato</strong></span> <span class='ocrx_word' id='word_1_655' title='bbox 1796 2034 1887 2089; x_wconf 85' lang='lat' dir='ltr'><strong>interi</strong></span> <span class='ocrx_word' id='word_1_656' title='bbox 1903 2064 1911 2074; x_wconf 93' lang='lat'>·</span> 
     </span>
     <span class='ocr_line' id='line_1_102' title="bbox 1087 2106 1912 2179; baseline -0.007 -14"><span class='ocrx_word' id='word_1_657' title='bbox 1087 2106 1912 2179; x_wconf 73' lang='lat' dir='ltr'><strong>ctisaliacario‚quosDonatistieiniirartyrumsuorumal·</strong></span> 
     </span>
     <span class='ocr_line' id='line_1_103' title="bbox 1088 2178 1910 2250; baseline -0.005 -14"><span class='ocrx_word' id='word_1_658' title='bbox 1088 2180 1344 2236; x_wconf 86' lang='lat' dir='ltr'><strong>humceicrebaat:</strong></span> <span class='ocrx_word' id='word_1_659' title='bbox 1361 2179 1772 2250; x_wconf 84' lang='lat' dir='ltr'><strong>lucituscogordocioeoetinm</strong></span> <span class='ocrx_word' id='word_1_660' title='bbox 1789 2178 1910 2231; x_wconf 86' lang='lat' dir='ltr'><strong>itiorum</strong></span> 
     </span>
     <span class='ocr_line' id='line_1_104' title="bbox 1087 2248 1913 2324; baseline -0.006 -18"><span class='ocrx_word' id='word_1_661' title='bbox 1087 2268 1211 2324; x_wconf 84' lang='lat' dir='ltr'><strong>quorum</strong></span> <span class='ocrx_word' id='word_1_662' title='bbox 1222 2252 1285 2307; x_wconf 76' lang='lat' dir='ltr'><strong>croto</strong></span> <span class='ocrx_word' id='word_1_663' title='bbox 1300 2252 1438 2306; x_wconf 86' lang='lat' dir='ltr'><strong>bominum</strong></span> <span class='ocrx_word' id='word_1_664' title='bbox 1448 2252 1610 2306; x_wconf 83' lang='lat' dir='ltr'><strong>mentionem</strong></span> <span class='ocrx_word' id='word_1_665' title='bbox 1617 2253 1705 2317; x_wconf 75' lang='lat' dir='ltr'><strong>scere,</strong></span> <span class='ocrx_word' id='word_1_666' title='bbox 1714 2265 1826 2320; x_wconf 82' lang='lat' dir='ltr'><strong>gnoseos</strong></span> <span class='ocrx_word' id='word_1_667' title='bbox 1836 2248 1913 2303; x_wconf 83' lang='lat' dir='ltr'><strong>inter</strong></span> 
     </span>
     <span class='ocr_line' id='line_1_105' title="bbox 1087 2319 1913 2394; baseline -0.006 -16"><span class='ocrx_word' id='word_1_668' title='bbox 1087 2319 1857 2394; x_wconf 83' lang='lat' dir='ltr'><strong>mor·tgrcsponitis,perguastonguompernuicomrel&#39;</strong></span> <span class='ocrx_word' id='word_1_669' title='bbox 1875 2320 1913 2373; x_wconf 78' lang='lat' dir='ltr'><strong>ia</strong></span> 
     </span>
     <span class='ocr_line' id='line_1_106' title="bbox 1088 2392 1913 2461; baseline -0.001 -13"><span class='ocrx_word' id='word_1_670' title='bbox 1088 2395 1462 2450; x_wconf 78' lang='lat' dir='ltr'><strong>nemoeatrrecommunionis</strong></span> <span class='ocrx_word' id='word_1_671' title='bbox 1476 2392 1849 2461; x_wconf 81' lang='lat' dir='ltr'><strong>honrinesjur·unt,guosgui</strong></span> <span class='ocrx_word' id='word_1_672' title='bbox 1883 2407 1913 2447; x_wconf 91' lang='lat' dir='ltr'><strong>m</strong></span> 
     </span>
     <span class='ocr_line' id='line_1_107' title="bbox 1089 2461 1915 2533; baseline -0.008 -11"><span class='ocrx_word' id='word_1_673' title='bbox 1089 2467 1193 2522; x_wconf 88' lang='lat' dir='ltr'><strong>uetiem</strong></span> <span class='ocrx_word' id='word_1_674' title='bbox 1206 2464 1323 2520; x_wconf 82' lang='lat' dir='ltr'><strong>silentio</strong></span> <span class='ocrx_word' id='word_1_675' title='bbox 1334 2465 1496 2533; x_wconf 68' lang='lat' dir='ltr'><strong>preterire</strong></span> <span class='ocrx_word' id='word_1_676' title='bbox 1507 2463 1553 2518; x_wconf 84' lang='lat' dir='ltr'><strong>scd</strong></span> <span class='ocrx_word' id='word_1_677' title='bbox 1567 2465 1644 2518; x_wconf 87' lang='lat' dir='ltr'><strong>rotie</strong></span> <span class='ocrx_word' id='word_1_678' title='bbox 1654 2462 1782 2518; x_wconf 84' lang='lat' dir='ltr'><strong>ueritatis</strong></span> <span class='ocrx_word' id='word_1_679' title='bbox 1791 2477 1820 2517; x_wconf 83' lang='lat' dir='ltr'><strong>se</strong></span> <span class='ocrx_word' id='word_1_680' title='bbox 1829 2461 1915 2517; x_wconf 83' lang='lat' dir='ltr'><strong>sileri</strong></span> 
     </span>
     <span class='ocr_line' id='line_1_108' title="bbox 1089 2532 1913 2605; baseline -0.006 -14"><span class='ocrx_word' id='word_1_681' title='bbox 1089 2552 1147 2591; x_wconf 89' lang='lat' dir='ltr'><strong>non</strong></span> <span class='ocrx_word' id='word_1_682' title='bbox 1154 2532 1593 2605; x_wconf 61' lang='lat' dir='ltr'><strong>potitore!exipsisnominibus</strong></span> <span class='ocrx_word' id='word_1_683' title='bbox 1604 2540 1704 2590; x_wconf 88' lang='lat' dir='ltr'><strong>contro</strong></span> <span class='ocrx_word' id='word_1_684' title='bbox 1714 2535 1857 2588; x_wconf 84' lang='lat' dir='ltr'><strong>ceritatem</strong></span> <span class='ocrx_word' id='word_1_685' title='bbox 1869 2536 1913 2586; x_wconf 86' lang='lat' dir='ltr'><strong>m·</strong></span> 
     </span>
     <span class='ocr_line' id='line_1_109' title="bbox 1088 2603 1912 2674; baseline -0.007 -11"><span class='ocrx_word' id='word_1_686' title='bbox 1088 2608 1264 2663; x_wconf 87' lang='lat' dir='ltr'><strong>considerate</strong></span> <span class='ocrx_word' id='word_1_687' title='bbox 1280 2606 1366 2661; x_wconf 86' lang='lat' dir='ltr'><strong>latrat</strong></span> <span class='ocrx_word' id='word_1_688' title='bbox 1378 2605 1496 2661; x_wconf 84' lang='lat' dir='ltr'><strong>inuidia.</strong></span> <span class='ocrx_word' id='word_1_689' title='bbox 1514 2607 1619 2661; x_wconf 90' lang='lat' dir='ltr'><strong>Sensus</strong></span> <span class='ocrx_word' id='word_1_690' title='bbox 1631 2610 1673 2658; x_wconf 88' lang='lat' dir='ltr'><strong>est</strong></span> <span class='ocrx_word' id='word_1_691' title='bbox 1689 2621 1696 2660; x_wconf 76' lang='grc' dir='ltr'>ε</span> <span class='ocrx_word' id='word_1_692' title='bbox 1714 2604 1816 2659; x_wconf 85' lang='lat' dir='ltr'><strong>vellem</strong></span> <span class='ocrx_word' id='word_1_693' title='bbox 1834 2603 1912 2674; x_wconf 87' lang='lat' dir='ltr'><strong>ipsos</strong></span> 
     </span>
     <span class='ocr_line' id='line_1_110' title="bbox 1088 2674 1913 2750; baseline -0.006 -17"><span class='ocrx_word' id='word_1_694' title='bbox 1088 2681 1338 2750; x_wconf 86' lang='lat' dir='ltr'><strong>pseudomartyres</strong></span> <span class='ocrx_word' id='word_1_695' title='bbox 1349 2677 1452 2731; x_wconf 87' lang='lat' dir='ltr'><strong>missos</strong></span> <span class='ocrx_word' id='word_1_696' title='bbox 1464 2676 1557 2733; x_wconf 87' lang='lat' dir='ltr'><strong>lucere</strong></span> <span class='ocrx_word' id='word_1_697' title='bbox 1569 2693 1575 2739; x_wconf 87' lang='lat'>;</span> <span class='ocrx_word' id='word_1_698' title='bbox 1589 2676 1638 2730; x_wconf 90' lang='lat' dir='ltr'><strong>scd</strong></span> <span class='ocrx_word' id='word_1_699' title='bbox 1647 2674 1755 2730; x_wconf 87' lang='lat' dir='ltr'><strong>invidia</strong></span> <span class='ocrx_word' id='word_1_700' title='bbox 1764 2679 1859 2729; x_wconf 83' lang='lat' dir='ltr'><strong>restra</strong></span> <span class='ocrx_word' id='word_1_701' title='bbox 1871 2674 1913 2728; x_wconf 89' lang='lat' dir='ltr'><strong>in·</strong></span> 
     </span>
     <span class='ocr_line' id='line_1_111' title="bbox 1088 2744 1914 2805; baseline -0.007 0"><span class='ocrx_word' id='word_1_702' title='bbox 1088 2749 1268 2805; x_wconf 88' lang='lat' dir='ltr'><strong>considerate</strong></span> <span class='ocrx_word' id='word_1_703' title='bbox 1279 2748 1367 2804; x_wconf 87' lang='lat' dir='ltr'><strong>latrat</strong></span> <span class='ocrx_word' id='word_1_704' title='bbox 1378 2750 1514 2803; x_wconf 83' lang='lat' dir='ltr'><strong>adversus</strong></span> <span class='ocrx_word' id='word_1_705' title='bbox 1530 2744 1682 2802; x_wconf 82' lang='lat' dir='ltr'><strong>Ecclesiam</strong></span> <span class='ocrx_word' id='word_1_706' title='bbox 1695 2744 1867 2801; x_wconf 86' lang='lat' dir='ltr'><strong>catholicam</strong></span> <span class='ocrx_word' id='word_1_707' title='bbox 1879 2761 1914 2801; x_wconf 84' lang='lat' dir='ltr'><strong>cx</strong></span> 
     </span>
     <span class='ocr_line' id='line_1_112' title="bbox 1089 2817 1914 2883; baseline -0.005 -8"><span class='ocrx_word' id='word_1_708' title='bbox 1089 2819 1096 2875; x_wconf 93' lang='lat' dir='ltr'><strong>l</strong></span> <span class='ocrx_word' id='word_1_709' title='bbox 1119 2821 1158 2874; x_wconf 89' lang='lat' dir='ltr'><strong>sis</strong></span> <span class='ocrx_word' id='word_1_710' title='bbox 1173 2819 1346 2883; x_wconf 91' lang='lat' dir='ltr'><strong>nominibus,</strong></span> <span class='ocrx_word' id='word_1_711' title='bbox 1357 2819 1500 2875; x_wconf 87' lang='lat' dir='ltr'><strong>recitando</strong></span> <span class='ocrx_word' id='word_1_712' title='bbox 1521 2817 1652 2873; x_wconf 84' lang='lat' dir='ltr'><strong>videlicet</strong></span> <span class='ocrx_word' id='word_1_713' title='bbox 1666 2817 1694 2873; x_wconf 92' lang='lat' dir='ltr'><strong>in</strong></span> <span class='ocrx_word' id='word_1_714' title='bbox 1711 2817 1810 2873; x_wconf 87' lang='lat' dir='ltr'><strong>restris</strong></span> <span class='ocrx_word' id='word_1_715' title='bbox 1826 2817 1914 2872; x_wconf 89' lang='lat' dir='ltr'><strong>sacri·</strong></span> 
     </span>
    </p>

    <p class='ocr_par' dir='ltr' id='par_1_22' title="bbox 1110 2891 1705 2973">
     <span class='ocr_line' id='line_1_113' title="bbox 1110 2891 1705 2973; baseline -0.005 -27"><span class='ocrx_word' id='word_1_716' title='bbox 1110 2891 1160 2946; x_wconf 91' lang='lat' dir='ltr'><strong>ciis</strong></span> <span class='ocrx_word' id='word_1_717' title='bbox 1174 2891 1278 2946; x_wconf 87' lang='lat' dir='ltr'><strong>horum</strong></span> <span class='ocrx_word' id='word_1_718' title='bbox 1293 2892 1561 2973; x_wconf 78' lang='lat' dir='ltr'><strong>pseudomartyrum</strong></span> <span class='ocrx_word' id='word_1_719' title='bbox 1576 2891 1705 2943; x_wconf 83' lang='lat' dir='ltr'><strong>nomina.</strong></span> 
     </span>
    </p>

    <p class='ocr_par' dir='ltr' id='par_1_23' title="bbox 1090 2957 1915 3099">
     <span class='ocr_line' id='line_1_114' title="bbox 1125 2957 1915 3017; baseline -0.006 0"><span class='ocrx_word' id='word_1_720' title='bbox 1125 2962 1168 3017; x_wconf 80' lang='lat' dir='ltr'><strong>to.</strong></span> <span class='ocrx_word' id='word_1_721' title='bbox 1191 2962 1305 3017; x_wconf 68' lang='lat' dir='ltr'><strong>tondes</strong></span> <span class='ocrx_word' id='word_1_722' title='bbox 1325 2961 1365 3017; x_wconf 89' lang='lat' dir='ltr'><strong>lta</strong></span> <span class='ocrx_word' id='word_1_723' title='bbox 1381 2961 1408 3016; x_wconf 96' lang='lat' dir='ltr'><strong>in</strong></span> <span class='ocrx_word' id='word_1_724' title='bbox 1437 2962 1505 3015; x_wconf 86' lang='lat' dir='ltr'><strong>Cod.</strong></span> <span class='ocrx_word' id='word_1_725' title='bbox 1533 2959 1657 3015; x_wconf 79' lang='lat' dir='ltr'><strong>natatui.</strong></span> <span class='ocrx_word' id='word_1_726' title='bbox 1684 2963 1713 3014; x_wconf 88' lang='lat' dir='ltr'><strong>et</strong></span> <span class='ocrx_word' id='word_1_727' title='bbox 1731 2957 1860 3014; x_wconf 87' lang='lat' dir='ltr'><strong>Retradi.</strong></span> <span class='ocrx_word' id='word_1_728' title='bbox 1882 2957 1915 3013; x_wconf 90' lang='lat' dir='ltr'><strong>ln</strong></span> 
     </span>
     <span class='ocr_line' id='line_1_115' title="bbox 1090 3029 1812 3099; baseline -0.01 -8"><span class='ocrx_word' id='word_1_729' title='bbox 1090 3033 1450 3091; x_wconf 63' lang='lat' dir='ltr'><strong>eodemmodern</strong></span> <span class='ocrx_word' id='word_1_730' title='bbox 1466 3031 1565 3097; x_wconf 87' lang='lat' dir='ltr'><strong>Editis,</strong></span> <span class='ocrx_word' id='word_1_731' title='bbox 1583 3030 1710 3099; x_wconf 67' lang='lat' dir='ltr'><strong>totileni,</strong></span> <span class='ocrx_word' id='word_1_732' title='bbox 1727 3029 1812 3085; x_wconf 89' lang='lat' dir='ltr'><strong>male.</strong></span> 
     </span>
    </p>

    <p class='ocr_par' dir='ltr' id='par_1_24' title="bbox 1090 3101 1921 4443">
     <span class='ocr_line' id='line_1_116' title="bbox 1126 3101 1770 3161; baseline -0.005 -3"><span class='ocrx_word' id='word_1_733' title='bbox 1126 3105 1168 3158; x_wconf 85' lang='lat' dir='ltr'><strong>ll.</strong></span> <span class='ocrx_word' id='word_1_734' title='bbox 1189 3104 1277 3161; x_wconf 74' lang='lat' dir='ltr'><strong>Sinti.</strong></span> <span class='ocrx_word' id='word_1_735' title='bbox 1293 3104 1333 3158; x_wconf 88' lang='lat' dir='ltr'><strong>Dc</strong></span> <span class='ocrx_word' id='word_1_736' title='bbox 1346 3104 1398 3158; x_wconf 90' lang='lat' dir='ltr'><strong>hoc</strong></span> <span class='ocrx_word' id='word_1_737' title='bbox 1411 3102 1548 3157; x_wconf 71' lang='lat' dir='ltr'><strong>acitabula</strong></span> <span class='ocrx_word' id='word_1_738' title='bbox 1561 3102 1637 3157; x_wconf 85' lang='lat' dir='ltr'><strong>inira</strong></span> <span class='ocrx_word' id='word_1_739' title='bbox 1652 3101 1770 3158; x_wconf 87' lang='lat' dir='ltr'><strong>dicetur.</strong></span> 
     </span>
     <span class='ocr_line' id='line_1_117' title="bbox 1325 3170 1915 3239; baseline -0.007 -10"><span class='ocrx_word' id='word_1_740' title='bbox 1325 3174 1453 3239; x_wconf 82' lang='lat' dir='ltr'><strong>Martini,</strong></span> <span class='ocrx_word' id='word_1_741' title='bbox 1468 3178 1521 3230; x_wconf 89' lang='lat' dir='ltr'><strong>etc.</strong></span> <span class='ocrx_word' id='word_1_742' title='bbox 1537 3174 1567 3227; x_wconf 95' lang='lat' dir='ltr'><strong>ln</strong></span> <span class='ocrx_word' id='word_1_743' title='bbox 1582 3174 1653 3229; x_wconf 87' lang='lat' dir='ltr'><strong>Cod.</strong></span> <span class='ocrx_word' id='word_1_744' title='bbox 1675 3172 1774 3228; x_wconf 82' lang='lat' dir='ltr'><strong>Rham.</strong></span> <span class='ocrx_word' id='word_1_745' title='bbox 1785 3170 1848 3226; x_wconf 73' lang='lat' dir='ltr'><strong>haec</strong></span> <span class='ocrx_word' id='word_1_746' title='bbox 1862 3186 1915 3226; x_wconf 90' lang='lat' dir='ltr'><strong>no·</strong></span> 
     </span>
     <span class='ocr_line' id='line_1_118' title="bbox 1091 3242 1917 3313; baseline -0.004 -12"><span class='ocrx_word' id='word_1_747' title='bbox 1091 3246 1335 3301; x_wconf 88' lang='lat' dir='ltr'><strong>minaadduntur:</strong></span> <span class='ocrx_word' id='word_1_748' title='bbox 1352 3245 1495 3313; x_wconf 74' lang='lat' dir='ltr'><strong>Dionysii,</strong></span> <span class='ocrx_word' id='word_1_749' title='bbox 1509 3242 1917 3307; x_wconf 71' lang='lat' dir='ltr'><strong>eastimetstrutionum-</strong></span> 
     </span>
     <span class='ocr_line' id='line_1_119' title="bbox 1091 3315 1917 3386; baseline -0.007 -14"><span class='ocrx_word' id='word_1_750' title='bbox 1091 3315 1726 3386; x_wconf 80' lang='lat' dir='ltr'><strong>rii,Murttni‚ltcmigii‚dugustini‚Gregorii,</strong></span> <span class='ocrx_word' id='word_1_751' title='bbox 1741 3315 1917 3382; x_wconf 75' lang='lat' dir='ltr'><strong>Hieronymi</strong></span> 
     </span>
     <span class='ocr_line' id='line_1_120' title="bbox 1090 3385 1918 3450; baseline -0.007 -6"><span class='ocrx_word' id='word_1_752' title='bbox 1090 3386 1246 3444; x_wconf 87' lang='lat' dir='ltr'><strong>Benedicti.</strong></span> <span class='ocrx_word' id='word_1_753' title='bbox 1260 3389 1290 3443; x_wconf 90' lang='lat' dir='ltr'><strong>ld</strong></span> <span class='ocrx_word' id='word_1_754' title='bbox 1301 3386 1402 3442; x_wconf 89' lang='lat' dir='ltr'><strong>Codice</strong></span> <span class='ocrx_word' id='word_1_755' title='bbox 1420 3386 1533 3441; x_wconf 73' lang='lat' dir='ltr'><strong>lietoldi</strong></span> <span class='ocrx_word' id='word_1_756' title='bbox 1549 3386 1687 3450; x_wconf 84' lang='lat' dir='ltr'><strong>.Nicosii,</strong></span> <span class='ocrx_word' id='word_1_757' title='bbox 1702 3387 1817 3445; x_wconf 81' lang='lat' dir='ltr'><strong>Hilarii,</strong></span> <span class='ocrx_word' id='word_1_758' title='bbox 1831 3385 1918 3439; x_wconf 78' lang='lat' dir='ltr'><strong>dior-</strong></span> 
     </span>
     <span class='ocr_line' id='line_1_121' title="bbox 1092 3455 1915 3527; baseline -0.004 -15"><span class='ocrx_word' id='word_1_759' title='bbox 1092 3459 1314 3525; x_wconf 80' lang='lat' dir='ltr'><strong>tini,Bcnedicti,</strong></span> <span class='ocrx_word' id='word_1_760' title='bbox 1325 3458 1468 3527; x_wconf 79' lang='lat' dir='ltr'><strong>Gregorii,</strong></span> <span class='ocrx_word' id='word_1_761' title='bbox 1479 3457 1776 3527; x_wconf 64' lang='lat' dir='ltr'><strong>Amouda-Remigrat</strong></span> <span class='ocrx_word' id='word_1_762' title='bbox 1793 3456 1822 3510; x_wconf 93' lang='lat' dir='ltr'><strong>ln</strong></span> <span class='ocrx_word' id='word_1_763' title='bbox 1836 3455 1915 3511; x_wconf 88' lang='lat' dir='ltr'><strong>litur-</strong></span> 
     </span>
     <span class='ocr_line' id='line_1_122' title="bbox 1091 3524 1917 3602; baseline -0.006 -18"><span class='ocrx_word' id='word_1_764' title='bbox 1091 3530 1145 3602; x_wconf 91' lang='lat' dir='ltr'><strong>giis</strong></span> <span class='ocrx_word' id='word_1_765' title='bbox 1157 3529 1247 3584; x_wconf 86' lang='lat' dir='ltr'><strong>sancti</strong></span> <span class='ocrx_word' id='word_1_766' title='bbox 1265 3529 1401 3593; x_wconf 88' lang='lat' dir='ltr'><strong>Basilii‚et</strong></span> <span class='ocrx_word' id='word_1_767' title='bbox 1420 3528 1510 3583; x_wconf 90' lang='lat' dir='ltr'><strong>sancti</strong></span> <span class='ocrx_word' id='word_1_768' title='bbox 1525 3526 1644 3583; x_wconf 81' lang='lat' dir='ltr'><strong>ioannis</strong></span> <span class='ocrx_word' id='word_1_769' title='bbox 1660 3524 1853 3598; x_wconf 87' lang='lat' dir='ltr'><strong>Chrysostomi</strong></span> <span class='ocrx_word' id='word_1_770' title='bbox 1865 3527 1917 3581; x_wconf 89' lang='lat' dir='ltr'><strong>ed·</strong></span> 
     </span>
     <span class='ocr_line' id='line_1_123' title="bbox 1092 3598 1915 3671; baseline -0.005 -16"><span class='ocrx_word' id='word_1_771' title='bbox 1092 3601 1169 3655; x_wconf 90' lang='lat' dir='ltr'><strong>ditur</strong></span> <span class='ocrx_word' id='word_1_772' title='bbox 1180 3617 1286 3655; x_wconf 87' lang='lat' dir='ltr'><strong>nomen</strong></span> <span class='ocrx_word' id='word_1_773' title='bbox 1302 3602 1391 3655; x_wconf 87' lang='lat' dir='ltr'><strong>saneti</strong></span> <span class='ocrx_word' id='word_1_774' title='bbox 1409 3599 1484 3654; x_wconf 89' lang='lat' dir='ltr'><strong>illius</strong></span> <span class='ocrx_word' id='word_1_775' title='bbox 1497 3600 1578 3671; x_wconf 89' lang='lat' dir='ltr'><strong>cujus</strong></span> <span class='ocrx_word' id='word_1_776' title='bbox 1589 3616 1622 3655; x_wconf 90' lang='lat' dir='ltr'><strong>eo</strong></span> <span class='ocrx_word' id='word_1_777' title='bbox 1637 3600 1682 3654; x_wconf 86' lang='lat' dir='ltr'><strong>dic</strong></span> <span class='ocrx_word' id='word_1_778' title='bbox 1700 3598 1841 3652; x_wconf 87' lang='lat' dir='ltr'><strong>memoria</strong></span> <span class='ocrx_word' id='word_1_779' title='bbox 1864 3613 1915 3651; x_wconf 89' lang='lat' dir='ltr'><strong>seu</strong></span> 
     </span>
     <span class='ocr_line' id='line_1_124' title="bbox 1092 3666 1916 3742; baseline -0.01 -15"><span class='ocrx_word' id='word_1_780' title='bbox 1092 3672 1180 3730; x_wconf 79' lang='lat' dir='ltr'><strong>festus</strong></span> <span class='ocrx_word' id='word_1_781' title='bbox 1193 3672 1254 3727; x_wconf 90' lang='lat' dir='ltr'><strong>dies</strong></span> <span class='ocrx_word' id='word_1_782' title='bbox 1267 3671 1442 3726; x_wconf 89' lang='lat' dir='ltr'><strong>celebratur:</strong></span> <span class='ocrx_word' id='word_1_783' title='bbox 1460 3671 1534 3742; x_wconf 70' lang='grc' dir='ltr'><strong><em>ἁγίου</em></strong></span> <span class='ocrx_word' id='word_1_784' title='bbox 1547 3667 1634 3734; x_wconf 79' lang='lat' dir='ltr'><strong>raude,</strong></span> <span class='ocrx_word' id='word_1_785' title='bbox 1647 3666 1676 3722; x_wconf 79' lang='grc' dir='ltr'><strong>οὗ</strong></span> <span class='ocrx_word' id='word_1_786' title='bbox 1685 3675 1730 3722; x_wconf 79' lang='grc' dir='ltr'><strong>καὶ</strong></span> <span class='ocrx_word' id='word_1_787' title='bbox 1750 3673 1796 3727; x_wconf 74' lang='grc' dir='ltr'><strong>τὴν</strong></span> <span class='ocrx_word' id='word_1_788' title='bbox 1807 3673 1916 3739; x_wconf 70' lang='lat' dir='ltr'><strong>prunus</strong></span> 
     </span>
     <span class='ocr_line' id='line_1_125' title="bbox 1092 3739 1917 3815; baseline -0.004 -20"><span class='ocrx_word' id='word_1_789' title='bbox 1092 3742 1265 3815; x_wconf 73' lang='grc' dir='ltr'><strong>ἐπιτελοῦμεν,</strong></span> <span class='ocrx_word' id='word_1_790' title='bbox 1293 3742 1377 3795; x_wconf 86' lang='lat' dir='ltr'><strong>idest</strong></span> <span class='ocrx_word' id='word_1_791' title='bbox 1403 3741 1536 3797; x_wconf 86' lang='lat' dir='ltr'><strong>etsaneti</strong></span> <span class='ocrx_word' id='word_1_792' title='bbox 1564 3739 1837 3813; x_wconf 87' lang='lat' dir='ltr'><strong>illiuscujusetiam</strong></span> <span class='ocrx_word' id='word_1_793' title='bbox 1853 3755 1917 3793; x_wconf 86' lang='lat' dir='ltr'><strong>me·</strong></span> 
     </span>
     <span class='ocr_line' id='line_1_126' title="bbox 1093 3809 1918 3883; baseline -0.005 -16"><span class='ocrx_word' id='word_1_794' title='bbox 1093 3814 1211 3868; x_wconf 89' lang='lat' dir='ltr'><strong>moriam</strong></span> <span class='ocrx_word' id='word_1_795' title='bbox 1231 3812 1408 3883; x_wconf 71' lang='lat' dir='ltr'><strong>egimusne</strong></span> <span class='ocrx_word' id='word_1_796' title='bbox 1424 3813 1492 3867; x_wconf 91' lang='lat' dir='ltr'><strong>olim</strong></span> <span class='ocrx_word' id='word_1_797' title='bbox 1511 3812 1564 3865; x_wconf 89' lang='lat' dir='ltr'><strong>init</strong></span> <span class='ocrx_word' id='word_1_798' title='bbox 1576 3812 1731 3881; x_wconf 87' lang='lat' dir='ltr'><strong>aliquando</strong></span> <span class='ocrx_word' id='word_1_799' title='bbox 1743 3811 1771 3865; x_wconf 91' lang='lat' dir='ltr'><strong>in</strong></span> <span class='ocrx_word' id='word_1_800' title='bbox 1791 3809 1918 3865; x_wconf 85' lang='lat' dir='ltr'><strong>Ecclesia</strong></span> 
     </span>
     <span class='ocr_line' id='line_1_127' title="bbox 1094 3879 1919 3953; baseline -0.007 -15"><span class='ocrx_word' id='word_1_801' title='bbox 1094 3884 1194 3938; x_wconf 84' lang='lat' dir='ltr'><strong>Latina</strong></span> <span class='ocrx_word' id='word_1_802' title='bbox 1203 3884 1340 3938; x_wconf 85' lang='lat' dir='ltr'><strong>usitatum</strong></span> <span class='ocrx_word' id='word_1_803' title='bbox 1355 3883 1435 3953; x_wconf 82' lang='lat' dir='ltr'><strong>(Vide</strong></span> <span class='ocrx_word' id='word_1_804' title='bbox 1447 3889 1540 3937; x_wconf 77' lang='lat' dir='ltr'><strong>reolum</strong></span> <span class='ocrx_word' id='word_1_805' title='bbox 1556 3884 1665 3951; x_wconf 81' lang='lat' dir='ltr'><strong>ainfro</strong></span> <span class='ocrx_word' id='word_1_806' title='bbox 1677 3883 1808 3950; x_wconf 72' lang='lat' dir='ltr'><strong>pinsitam)</strong></span> <span class='ocrx_word' id='word_1_807' title='bbox 1834 3886 1865 3934; x_wconf 89' lang='lat' dir='ltr'><strong>ut</strong></span> <span class='ocrx_word' id='word_1_808' title='bbox 1878 3879 1919 3933; x_wconf 84' lang='lat' dir='ltr'><strong>vi-</strong></span> 
     </span>
     <span class='ocr_line' id='line_1_128' title="bbox 1093 3952 1919 4024; baseline -0.006 -15"><span class='ocrx_word' id='word_1_809' title='bbox 1093 3956 1159 4009; x_wconf 87' lang='lat' dir='ltr'><strong>dere</strong></span> <span class='ocrx_word' id='word_1_810' title='bbox 1174 3956 1257 4009; x_wconf 87' lang='lat' dir='ltr'><strong>estin</strong></span> <span class='ocrx_word' id='word_1_811' title='bbox 1275 3957 1395 4008; x_wconf 86' lang='lat' dir='ltr'><strong>tractatu</strong></span> <span class='ocrx_word' id='word_1_812' title='bbox 1412 3954 1534 4024; x_wconf 88' lang='lat' dir='ltr'><strong>qualiter</strong></span> <span class='ocrx_word' id='word_1_813' title='bbox 1555 3955 1685 4022; x_wconf 61' lang='lat' dir='ltr'><strong>quaedum</strong></span> <span class='ocrx_word' id='word_1_814' title='bbox 1713 3952 1864 4007; x_wconf 89' lang='lat' dir='ltr'><strong>Orationes</strong></span> <span class='ocrx_word' id='word_1_815' title='bbox 1889 3953 1919 4005; x_wconf 86' lang='lat' dir='ltr'><strong>et</strong></span> 
     </span>
     <span class='ocr_line' id='line_1_129' title="bbox 1093 4022 1919 4094; baseline -0.006 -15"><span class='ocrx_word' id='word_1_816' title='bbox 1093 4042 1188 4080; x_wconf 89' lang='lat' dir='ltr'><strong>cruces</strong></span> <span class='ocrx_word' id='word_1_817' title='bbox 1204 4024 1231 4079; x_wconf 92' lang='lat' dir='ltr'><strong>in</strong></span> <span class='ocrx_word' id='word_1_818' title='bbox 1255 4025 1396 4092; x_wconf 83' lang='lat' dir='ltr'><strong>Teigitur</strong></span> <span class='ocrx_word' id='word_1_819' title='bbox 1408 4025 1526 4094; x_wconf 74' lang='lat' dir='ltr'><strong>agendae</strong></span> <span class='ocrx_word' id='word_1_820' title='bbox 1543 4030 1619 4085; x_wconf 88' lang='lat' dir='ltr'><strong>sunt,</strong></span> <span class='ocrx_word' id='word_1_821' title='bbox 1637 4023 1664 4077; x_wconf 92' lang='lat' dir='ltr'><strong>in</strong></span> <span class='ocrx_word' id='word_1_822' title='bbox 1681 4024 1749 4077; x_wconf 81' lang='lat' dir='ltr'><strong>Coa.</strong></span> <span class='ocrx_word' id='word_1_823' title='bbox 1767 4022 1919 4077; x_wconf 87' lang='lat' dir='ltr'><strong>Tilianoet</strong></span> 
     </span>
     <span class='ocr_line' id='line_1_130' title="bbox 1093 4091 1919 4167; baseline -0.008 -16"><span class='ocrx_word' id='word_1_824' title='bbox 1093 4097 1169 4167; x_wconf 90' lang='lat' dir='ltr'><strong>apud</strong></span> <span class='ocrx_word' id='word_1_825' title='bbox 1184 4095 1369 4167; x_wconf 87' lang='lat' dir='ltr'><strong>llitlorpium:</strong></span> <span class='ocrx_word' id='word_1_826' title='bbox 1380 4097 1410 4151; x_wconf 89' lang='lat' dir='ltr'><strong>Si</strong></span> <span class='ocrx_word' id='word_1_827' title='bbox 1418 4094 1513 4164; x_wconf 75' lang='lat' dir='ltr'><strong>scierit</strong></span> <span class='ocrx_word' id='word_1_828' title='bbox 1525 4093 1867 4155; x_wconf 70' lang='lat' dir='ltr'><strong>crotalissunctorumdic</strong></span> <span class='ocrx_word' id='word_1_829' title='bbox 1876 4091 1919 4145; x_wconf 86' lang='lat' dir='ltr'><strong>di·</strong></span> 
     </span>
     <span class='ocr_line' id='line_1_131' title="bbox 1094 4164 1921 4223; baseline -0.01 0"><span class='ocrx_word' id='word_1_830' title='bbox 1094 4172 1148 4223; x_wconf 76' lang='lat' dir='ltr'><strong>cot.</strong></span> <span class='ocrx_word' id='word_1_831' title='bbox 1159 4168 1249 4222; x_wconf 77' lang='lat' dir='ltr'><strong>Sedet</strong></span> <span class='ocrx_word' id='word_1_832' title='bbox 1263 4169 1336 4220; x_wconf 76' lang='lat' dir='ltr'><strong>etiem</strong></span> <span class='ocrx_word' id='word_1_833' title='bbox 1345 4167 1477 4220; x_wconf 76' lang='lat' dir='ltr'><strong>nataliter</strong></span> <span class='ocrx_word' id='word_1_834' title='bbox 1485 4168 1632 4221; x_wconf 73' lang='lat' dir='ltr'><strong>cecanum</strong></span> <span class='ocrx_word' id='word_1_835' title='bbox 1644 4165 1829 4220; x_wconf 83' lang='lat' dir='ltr'><strong>iliorumout</strong></span> <span class='ocrx_word' id='word_1_836' title='bbox 1840 4164 1921 4217; x_wconf 83' lang='lat' dir='ltr'><strong>Beati</strong></span> 
     </span>
     <span class='ocr_line' id='line_1_132' title="bbox 1094 4235 1920 4307; baseline -0.005 -15"><span class='ocrx_word' id='word_1_837' title='bbox 1094 4238 1182 4293; x_wconf 87' lang='lat' dir='ltr'><strong>iliius.</strong></span> <span class='ocrx_word' id='word_1_838' title='bbox 1200 4240 1234 4290; x_wconf 81' lang='lat' dir='ltr'><strong>at</strong></span> <span class='ocrx_word' id='word_1_839' title='bbox 1249 4236 1403 4307; x_wconf 86' lang='lat' dir='ltr'><strong>Gregorius</strong></span> <span class='ocrx_word' id='word_1_840' title='bbox 1415 4237 1447 4290; x_wconf 89' lang='lat' dir='ltr'><strong>lll</strong></span> <span class='ocrx_word' id='word_1_841' title='bbox 1462 4253 1535 4306; x_wconf 91' lang='lat' dir='ltr'><strong>papa</strong></span> <span class='ocrx_word' id='word_1_842' title='bbox 1550 4236 1608 4291; x_wconf 76' lang='lat' dir='ltr'><strong>heec</strong></span> <span class='ocrx_word' id='word_1_843' title='bbox 1637 4235 1799 4307; x_wconf 82' lang='lat' dir='ltr'><strong>adjicienda</strong></span> <span class='ocrx_word' id='word_1_844' title='bbox 1815 4250 1920 4303; x_wconf 80' lang='lat' dir='ltr'><strong>praece·</strong></span> 
     </span>
     <span class='ocr_line' id='line_1_133' title="bbox 1096 4304 1920 4379; baseline -0.004 -17"><span class='ocrx_word' id='word_1_845' title='bbox 1096 4310 1144 4379; x_wconf 89' lang='lat' dir='ltr'><strong>pit:</strong></span> <span class='ocrx_word' id='word_1_846' title='bbox 1156 4309 1282 4375; x_wconf 83' lang='lat' dir='ltr'><strong>Quorum</strong></span> <span class='ocrx_word' id='word_1_847' title='bbox 1293 4308 1455 4362; x_wconf 85' lang='lat' dir='ltr'><strong>solemnitas</strong></span> <span class='ocrx_word' id='word_1_848' title='bbox 1468 4308 1554 4361; x_wconf 82' lang='lat' dir='ltr'><strong>bodie</strong></span> <span class='ocrx_word' id='word_1_849' title='bbox 1562 4308 1593 4361; x_wconf 88' lang='lat' dir='ltr'><strong>in</strong></span> <span class='ocrx_word' id='word_1_850' title='bbox 1602 4311 1751 4373; x_wconf 82' lang='lat' dir='ltr'><strong>corrspertu</strong></span> <span class='ocrx_word' id='word_1_851' title='bbox 1761 4304 1920 4374; x_wconf 79' lang='lat' dir='ltr'><strong>llojestatrr</strong></span> 
     </span>
     <span class='ocr_line' id='line_1_134' title="bbox 1095 4375 1921 4443; baseline -0.005 -9"><span class='ocrx_word' id='word_1_852' title='bbox 1095 4387 1147 4434; x_wconf 82' lang='lat' dir='ltr'><strong>tum</strong></span> <span class='ocrx_word' id='word_1_853' title='bbox 1157 4379 1454 4443; x_wconf 84' lang='lat' dir='ltr'><strong>cetebrutur,Donn&#39;ne</strong></span> <span class='ocrx_word' id='word_1_854' title='bbox 1465 4379 1600 4432; x_wconf 83' lang='lat' dir='ltr'><strong>Dominus</strong></span> <span class='ocrx_word' id='word_1_855' title='bbox 1614 4381 1716 4439; x_wconf 79' lang='lat' dir='ltr'><strong>noster,</strong></span> <span class='ocrx_word' id='word_1_856' title='bbox 1732 4377 1763 4430; x_wconf 90' lang='lat' dir='ltr'><strong>in</strong></span> <span class='ocrx_word' id='word_1_857' title='bbox 1779 4382 1837 4430; x_wconf 86' lang='lat' dir='ltr'><strong>toto</strong></span> <span class='ocrx_word' id='word_1_858' title='bbox 1853 4375 1921 4430; x_wconf 88' lang='lat' dir='ltr'><strong>orbe</strong></span> 
     </span>
    </p>
   </div>
   <div class='ocr_carea' id='block_1_15' title="bbox 1058 4436 1920 4513">
    <p class='ocr_par' dir='ltr' id='par_1_25' title="bbox 1058 4436 1920 4513">
     <span class='ocr_line' id='line_1_135' title="bbox 1058 4436 1920 4513; baseline -0.005 -10"><span class='ocrx_word' id='word_1_859' title='bbox 1058 4436 1079 4493; x_wconf 83' lang='lat' dir='ltr'><strong>l)</strong></span> <span class='ocrx_word' id='word_1_860' title='bbox 1095 4460 1252 4513; x_wconf 78' lang='lat' dir='ltr'><strong>terrarum,</strong></span> <span class='ocrx_word' id='word_1_861' title='bbox 1267 4453 1299 4503; x_wconf 87' lang='lat' dir='ltr'><strong>ut</strong></span> <span class='ocrx_word' id='word_1_862' title='bbox 1309 4447 1398 4504; x_wconf 82' lang='lat' dir='ltr'><strong>refert</strong></span> <span class='ocrx_word' id='word_1_863' title='bbox 1410 4447 1561 4504; x_wconf 81' lang='lat' dir='ltr'><strong>tiedericus</strong></span> <span class='ocrx_word' id='word_1_864' title='bbox 1577 4448 1688 4512; x_wconf 87' lang='lat' dir='ltr'><strong>Vitatis,</strong></span> <span class='ocrx_word' id='word_1_865' title='bbox 1709 4446 1781 4501; x_wconf 92' lang='lat' dir='ltr'><strong>libro</strong></span> <span class='ocrx_word' id='word_1_866' title='bbox 1792 4447 1920 4501; x_wconf 91' lang='lat' dir='ltr'><strong>secundo</strong></span> 
     </span>
    </p>
   </div>
   <div class='ocr_carea' id='block_1_16' title="bbox 1096 4519 1924 5299">
    <p class='ocr_par' dir='ltr' id='par_1_26' title="bbox 1096 4519 1258 4576">
     <span class='ocr_line' id='line_1_136' title="bbox 1096 4519 1258 4576; baseline -0.012 0"><span class='ocrx_word' id='word_1_867' title='bbox 1096 4520 1170 4576; x_wconf 88' lang='lat' dir='ltr'><strong>llist.</strong></span> <span class='ocrx_word' id='word_1_868' title='bbox 1191 4519 1258 4574; x_wconf 89' lang='lat' dir='ltr'><strong>cccl.</strong></span> 
     </span>
    </p>

    <p class='ocr_par' dir='ltr' id='par_1_27' title="bbox 1096 4585 1921 4803">
     <span class='ocr_line' id='line_1_137' title="bbox 1129 4585 1907 4658; baseline -0.006 -13"><span class='ocrx_word' id='word_1_869' title='bbox 1129 4591 1173 4645; x_wconf 68' lang='grc'><strong>43,</strong></span> <span class='ocrx_word' id='word_1_870' title='bbox 1197 4591 1326 4658; x_wconf 81' lang='lat' dir='ltr'><strong>Quorum</strong></span> <span class='ocrx_word' id='word_1_871' title='bbox 1343 4588 1462 4643; x_wconf 86' lang='lat' dir='ltr'><strong>meritis.</strong></span> <span class='ocrx_word' id='word_1_872' title='bbox 1478 4588 1520 4643; x_wconf 90' lang='lat' dir='ltr'><strong>lla</strong></span> <span class='ocrx_word' id='word_1_873' title='bbox 1535 4588 1561 4642; x_wconf 90' lang='lat' dir='ltr'><strong>in</strong></span> <span class='ocrx_word' id='word_1_874' title='bbox 1574 4589 1704 4643; x_wconf 86' lang='lat' dir='ltr'><strong>versione</strong></span> <span class='ocrx_word' id='word_1_875' title='bbox 1718 4585 1827 4653; x_wconf 88' lang='lat' dir='ltr'><strong>Cadini;</strong></span> <span class='ocrx_word' id='word_1_876' title='bbox 1840 4585 1870 4639; x_wconf 91' lang='lat' dir='ltr'><strong>in</strong></span> <span class='ocrx_word' id='word_1_877' title='bbox 1887 4585 1907 4640; x_wconf 93' lang='lat' dir='ltr'><strong>li</strong></span> 
     </span>
     <span class='ocr_line' id='line_1_138' title="bbox 1096 4659 1921 4733; baseline -0.008 -18"><span class='ocrx_word' id='word_1_878' title='bbox 1096 4661 1192 4733; x_wconf 80' lang='lat' dir='ltr'><strong>turgia</strong></span> <span class='ocrx_word' id='word_1_879' title='bbox 1207 4677 1268 4730; x_wconf 75' lang='lat' dir='ltr'><strong>qun</strong></span> <span class='ocrx_word' id='word_1_880' title='bbox 1283 4663 1381 4714; x_wconf 88' lang='lat' dir='ltr'><strong>sancto</strong></span> <span class='ocrx_word' id='word_1_881' title='bbox 1398 4661 1481 4714; x_wconf 85' lang='lat' dir='ltr'><strong>Petro</strong></span> <span class='ocrx_word' id='word_1_882' title='bbox 1501 4659 1655 4714; x_wconf 88' lang='lat' dir='ltr'><strong>tribuitur:</strong></span> <span class='ocrx_word' id='word_1_883' title='bbox 1672 4662 1823 4730; x_wconf 72' lang='grc' dir='ltr'>ὼντίνωντῇ</span> <span class='ocrx_word' id='word_1_884' title='bbox 1840 4675 1921 4733; x_wconf 75' lang='grc' dir='ltr'>πρισ-</span> 
     </span>
     <span class='ocr_line' id='line_1_139' title="bbox 1097 4730 1646 4803; baseline 0 -18"><span class='ocrx_word' id='word_1_885' title='bbox 1097 4732 1163 4803; x_wconf 73' lang='lat' dir='ltr'><strong>dstu,</strong></span> <span class='ocrx_word' id='word_1_886' title='bbox 1183 4732 1209 4785; x_wconf 93' lang='lat' dir='ltr'><strong>id</strong></span> <span class='ocrx_word' id='word_1_887' title='bbox 1231 4735 1283 4796; x_wconf 87' lang='lat' dir='ltr'><strong>esi,</strong></span> <span class='ocrx_word' id='word_1_888' title='bbox 1297 4747 1417 4801; x_wconf 86' lang='lat' dir='ltr'><strong>quorum</strong></span> <span class='ocrx_word' id='word_1_889' title='bbox 1434 4730 1646 4785; x_wconf 82' lang='lat' dir='ltr'><strong>intercessione.</strong></span> 
     </span>
    </p>

    <p class='ocr_par' dir='ltr' id='par_1_28' title="bbox 1098 4796 1923 5015">
     <span class='ocr_line' id='line_1_140' title="bbox 1133 4796 1923 4871; baseline -0.006 -14"><span class='ocrx_word' id='word_1_890' title='bbox 1133 4804 1176 4857; x_wconf 80' lang='lat' dir='ltr'><strong>to.</strong></span> <span class='ocrx_word' id='word_1_891' title='bbox 1199 4803 1440 4871; x_wconf 79' lang='lat' dir='ltr'><strong>Diesquenostros</strong></span> <span class='ocrx_word' id='word_1_892' title='bbox 1462 4802 1490 4855; x_wconf 88' lang='lat' dir='ltr'><strong>in</strong></span> <span class='ocrx_word' id='word_1_893' title='bbox 1507 4809 1632 4869; x_wconf 84' lang='lat' dir='ltr'><strong>tuopoce</strong></span> <span class='ocrx_word' id='word_1_894' title='bbox 1660 4800 1806 4869; x_wconf 85' lang='lat' dir='ltr'><strong>disponas.</strong></span> <span class='ocrx_word' id='word_1_895' title='bbox 1826 4796 1923 4852; x_wconf 76' lang='lat' dir='ltr'><strong>bllaec</strong></span> 
     </span>
     <span class='ocr_line' id='line_1_141' title="bbox 1098 4869 1920 4942; baseline -0.004 -16"><span class='ocrx_word' id='word_1_896' title='bbox 1098 4877 1183 4928; x_wconf 78' lang='lat' dir='ltr'><strong>verlra</strong></span> <span class='ocrx_word' id='word_1_897' title='bbox 1195 4874 1289 4927; x_wconf 78' lang='lat' dir='ltr'><strong>lerunt</strong></span> <span class='ocrx_word' id='word_1_898' title='bbox 1302 4871 1387 4927; x_wconf 88' lang='lat' dir='ltr'><strong>luisse</strong></span> <span class='ocrx_word' id='word_1_899' title='bbox 1398 4890 1413 4927; x_wconf 91' lang='lat' dir='ltr'><strong>a</strong></span> <span class='ocrx_word' id='word_1_900' title='bbox 1424 4878 1523 4926; x_wconf 86' lang='lat' dir='ltr'><strong>sancto</strong></span> <span class='ocrx_word' id='word_1_901' title='bbox 1534 4871 1670 4942; x_wconf 79' lang='lat' dir='ltr'><strong>Gregorio</strong></span> <span class='ocrx_word' id='word_1_902' title='bbox 1680 4869 1789 4924; x_wconf 90' lang='lat' dir='ltr'><strong>Canoni</strong></span> <span class='ocrx_word' id='word_1_903' title='bbox 1800 4869 1920 4924; x_wconf 89' lang='lat' dir='ltr'><strong>inserta.</strong></span> 
     </span>
     <span class='ocr_line' id='line_1_142' title="bbox 1098 4942 1644 5015; baseline -0.009 -14"><span class='ocrx_word' id='word_1_904' title='bbox 1098 4945 1127 5001; x_wconf 93' lang='lat' dir='ltr'><strong>ld</strong></span> <span class='ocrx_word' id='word_1_905' title='bbox 1141 4946 1209 4998; x_wconf 88' lang='lat' dir='ltr'><strong>Cod.</strong></span> <span class='ocrx_word' id='word_1_906' title='bbox 1227 4942 1379 4999; x_wconf 89' lang='lat' dir='ltr'><strong>llhemensi</strong></span> <span class='ocrx_word' id='word_1_907' title='bbox 1399 4943 1502 5015; x_wconf 89' lang='lat' dir='ltr'><strong>legitur</strong></span> <span class='ocrx_word' id='word_1_908' title='bbox 1515 4943 1644 5009; x_wconf 84' lang='lat' dir='ltr'><strong>dispone.</strong></span> 
     </span>
    </p>

    <p class='ocr_par' dir='ltr' id='par_1_29' title="bbox 1097 5009 1924 5299">
     <span class='ocr_line' id='line_1_143' title="bbox 1133 5009 1922 5085; baseline -0.008 -16"><span class='ocrx_word' id='word_1_909' title='bbox 1133 5016 1176 5069; x_wconf 75' lang='lat' dir='ltr'><strong>lb.</strong></span> <span class='ocrx_word' id='word_1_910' title='bbox 1189 5016 1272 5073; x_wconf 60' lang='lat' dir='ltr'><strong>Erebo</strong></span> <span class='ocrx_word' id='word_1_911' title='bbox 1282 5015 1301 5069; x_wconf 86' lang='lat' dir='ltr'><strong>i.</strong></span> <span class='ocrx_word' id='word_1_912' title='bbox 1311 5016 1348 5067; x_wconf 88' lang='lat' dir='ltr'><strong>lta</strong></span> <span class='ocrx_word' id='word_1_913' title='bbox 1365 5014 1448 5085; x_wconf 79' lang='lat' dir='ltr'><strong>vulgo</strong></span> <span class='ocrx_word' id='word_1_914' title='bbox 1458 5014 1587 5068; x_wconf 77' lang='lat' dir='ltr'><strong>liabetur.</strong></span> <span class='ocrx_word' id='word_1_915' title='bbox 1597 5011 1730 5067; x_wconf 75' lang='lat' dir='ltr'><strong>alcuinus</strong></span> <span class='ocrx_word' id='word_1_916' title='bbox 1744 5009 1813 5081; x_wconf 88' lang='lat' dir='ltr'><strong>legit</strong></span> <span class='ocrx_word' id='word_1_917' title='bbox 1827 5011 1922 5081; x_wconf 6' lang='lat' dir='ltr'><strong>rigere</strong></span> 
     </span>
     <span class='ocr_line' id='line_1_144' title="bbox 1097 5080 1924 5156; baseline -0.008 -16"><span class='ocrx_word' id='word_1_918' title='bbox 1097 5093 1169 5156; x_wconf 81' lang='lat' dir='ltr'><strong>ptos.</strong></span> <span class='ocrx_word' id='word_1_919' title='bbox 1186 5086 1281 5140; x_wconf 82' lang='lat' dir='ltr'><strong>Codex</strong></span> <span class='ocrx_word' id='word_1_920' title='bbox 1296 5084 1474 5145; x_wconf 81' lang='lat' dir='ltr'><strong>lthemcnsis,</strong></span> <span class='ocrx_word' id='word_1_921' title='bbox 1490 5088 1575 5149; x_wconf 82' lang='lat' dir='ltr'><strong>cripe.</strong></span> <span class='ocrx_word' id='word_1_922' title='bbox 1595 5084 1683 5137; x_wconf 90' lang='lat' dir='ltr'><strong>Porro</strong></span> <span class='ocrx_word' id='word_1_923' title='bbox 1694 5082 1722 5135; x_wconf 90' lang='lat' dir='ltr'><strong>in</strong></span> <span class='ocrx_word' id='word_1_924' title='bbox 1734 5082 1817 5136; x_wconf 87' lang='lat' dir='ltr'><strong>Missa</strong></span> <span class='ocrx_word' id='word_1_925' title='bbox 1841 5082 1878 5134; x_wconf 87' lang='lat' dir='ltr'><strong>ah</strong></span> <span class='ocrx_word' id='word_1_926' title='bbox 1891 5080 1924 5134; x_wconf 91' lang='lat' dir='ltr'><strong>ll·</strong></span> 
     </span>
     <span class='ocr_line' id='line_1_145' title="bbox 1098 5151 1923 5228; baseline -0.01 -15"><span class='ocrx_word' id='word_1_927' title='bbox 1098 5151 1923 5228; x_wconf 74' lang='lat' dir='ltr'><strong>lyricoeditaCanoninmultisaCanonecommnni286</strong></span> 
     </span>
     <span class='ocr_line' id='line_1_146' title="bbox 1098 5226 1582 5299; baseline -0.008 -16"><span class='ocrx_word' id='word_1_928' title='bbox 1098 5231 1222 5283; x_wconf 88' lang='lat' dir='ltr'><strong>multum</strong></span> <span class='ocrx_word' id='word_1_929' title='bbox 1237 5227 1386 5299; x_wconf 86' lang='lat' dir='ltr'><strong>discrepat,</strong></span> <span class='ocrx_word' id='word_1_930' title='bbox 1405 5227 1457 5281; x_wconf 91' lang='lat' dir='ltr'><strong>hoc</strong></span> <span class='ocrx_word' id='word_1_931' title='bbox 1476 5226 1582 5280; x_wconf 89' lang='lat' dir='ltr'><strong>modo:</strong></span> 
     </span>
    </p>
   </div>
   <div class='ocr_carea' id='block_1_17' title="bbox 1134 5315 1928 5474">
    <p class='ocr_par' dir='ltr' id='par_1_30' title="bbox 1134 5315 1928 5474">
     <span class='ocr_line' id='line_1_147' title="bbox 1378 5315 1641 5384; baseline -0.015 -14"><span class='ocrx_word' id='word_1_932' title='bbox 1378 5316 1463 5384; x_wconf 76' lang='lat' dir='ltr'><strong>Infra</strong></span> <span class='ocrx_word' id='word_1_933' title='bbox 1480 5315 1641 5377; x_wconf 80' lang='lat' dir='ltr'><strong>Actionem,</strong></span> 
     </span>
     <span class='ocr_line' id='line_1_148' title="bbox 1134 5398 1928 5474; baseline -0.011 -14"><span class='ocrx_word' id='word_1_934' title='bbox 1134 5398 1928 5474; x_wconf 70' lang='lat' dir='ltr'><strong>InprimisunacumformutotuopapunostroN.etpro„</strong></span> 
     </span>
    </p>
   </div>
   <div class='ocr_carea' id='block_1_18' title="bbox 1101 5520 1928 5742">
    <p class='ocr_par' dir='ltr' id='par_1_31' title="bbox 1101 5520 1928 5742">
     <span class='ocr_line' id='line_1_149' title="bbox 1101 5520 1928 5595; baseline -0.008 -11"><span class='ocrx_word' id='word_1_935' title='bbox 1101 5528 1189 5595; x_wconf 79' lang='lat' dir='ltr'><strong>abus.</strong></span> <span class='ocrx_word' id='word_1_936' title='bbox 1205 5529 1234 5582; x_wconf 91' lang='lat' dir='ltr'><strong>ln</strong></span> <span class='ocrx_word' id='word_1_937' title='bbox 1246 5525 1367 5581; x_wconf 77' lang='lat' dir='ltr'><strong>secundo</strong></span> <span class='ocrx_word' id='word_1_938' title='bbox 1378 5524 1492 5579; x_wconf 85' lang='lat' dir='ltr'><strong>Theod..</strong></span> <span class='ocrx_word' id='word_1_939' title='bbox 1507 5525 1611 5581; x_wconf 79' lang='lat' dir='ltr'><strong>Cosmae</strong></span> <span class='ocrx_word' id='word_1_940' title='bbox 1625 5530 1651 5577; x_wconf 87' lang='lat' dir='ltr'><strong>et</strong></span> <span class='ocrx_word' id='word_1_941' title='bbox 1663 5520 1928 5577; x_wconf 83' lang='lat' dir='ltr'><strong>Dum..llit.murt.</strong></span> 
     </span>
     <span class='ocr_line' id='line_1_150' title="bbox 1101 5592 1821 5667; baseline -0.008 -13"><span class='ocrx_word' id='word_1_942' title='bbox 1101 5599 1228 5664; x_wconf 73' lang='lat' dir='ltr'><strong>aenea,</strong></span> <span class='ocrx_word' id='word_1_943' title='bbox 1243 5597 1381 5667; x_wconf 83' lang='lat' dir='ltr'><strong>Gregorii,</strong></span> <span class='ocrx_word' id='word_1_944' title='bbox 1403 5597 1540 5661; x_wconf 68' lang='lat' dir='ltr'><strong>emundi,</strong></span> <span class='ocrx_word' id='word_1_945' title='bbox 1559 5593 1702 5657; x_wconf 83' lang='lat' dir='ltr'><strong>Medordi,</strong></span> <span class='ocrx_word' id='word_1_946' title='bbox 1716 5592 1821 5662; x_wconf 80' lang='lat' dir='ltr'><strong>Eligit.</strong></span> 
     </span>
     <span class='ocr_line' id='line_1_151' title="bbox 1136 5663 1862 5742; baseline -0.008 -16"><span class='ocrx_word' id='word_1_947' title='bbox 1136 5669 1151 5713; x_wconf 70' lang='lat' dir='ltr'><strong>b</strong></span> <span class='ocrx_word' id='word_1_948' title='bbox 1171 5671 1201 5726; x_wconf 89' lang='lat' dir='ltr'><strong>ld</strong></span> <span class='ocrx_word' id='word_1_949' title='bbox 1214 5666 1367 5742; x_wconf 71' lang='lat' dir='ltr'><strong>presertim</strong></span> <span class='ocrx_word' id='word_1_950' title='bbox 1381 5668 1462 5725; x_wconf 87' lang='lat' dir='ltr'><strong>docet</strong></span> <span class='ocrx_word' id='word_1_951' title='bbox 1474 5666 1604 5724; x_wconf 85' lang='lat' dir='ltr'><strong>Bedulib.</strong></span> <span class='ocrx_word' id='word_1_952' title='bbox 1622 5682 1640 5720; x_wconf 91' lang='grc' dir='ltr'><strong>ιι</strong></span> <span class='ocrx_word' id='word_1_953' title='bbox 1651 5663 1734 5731; x_wconf 70' lang='lat' dir='ltr'><strong>nist..</strong></span> <span class='ocrx_word' id='word_1_954' title='bbox 1750 5678 1815 5736; x_wconf 85' lang='lat' dir='ltr'><strong>cap.</strong></span> <span class='ocrx_word' id='word_1_955' title='bbox 1835 5667 1862 5720; x_wconf 87' lang='lat' dir='ltr'><strong>t.</strong></span> 
     </span>
    </p>
   </div>
   <div class='ocr_carea' id='block_1_19' title="bbox 0 0 2046 6180">
    <p class='ocr_par' dir='ltr' id='par_1_32' title="bbox 0 0 2046 6180">
     <span class='ocr_line' id='line_1_152' title="bbox 0 0 2046 6180; baseline 0 0"><span class='ocrx_word' id='word_1_956' title='bbox 0 0 2046 6180; x_wconf 95' lang='lat' dir='ltr'><strong> </strong></span> 
     </span>
    </p>
   </div>
  </div>
 </body>
</html>
