4136 6180
251 244 316 320 >rab

878 238 1013 315 sium
1032 242 1204 315 ermom
1225 224 1343 317 uren
1498 270 1503 283 ·
1648 196 1654 203 ’
1884 256 1933 328 aa
2008 220 2009 257 ³

259 405 346 460 opera
361 387 419 448 Dei,
439 388 468 440 et
483 384 559 440 facta
574 384 853 456 ejusinteltexcrnnl.
870 386 950 441 Psoi.
962 384 1081 451 Exaudi,
1099 387 1123 445 lt
1139 384 1230 441 donec
1242 385 1395 458 impleatur
1404 387 1669 443 numernsirntrum
1679 391 1839 448 vestrorum,
1860 393 1929 455 Vere,
2008 344 2009 379 i

258 461 341 525 Deus.
357 457 528 513 orationem.
549 455 627 512 Vera.
645 456 752 512 Dedisti
768 457 976 513 haeredilatem.

569 544 773 613 Responsoria.

294 638 379 704 uesp.
391 635 440 690 llic
455 638 498 690 est
512 633 667 705 discipulus
681 635 728 691 ille
740 634 788 707 qui
801 632 995 690 testimonium
1023 649 1084 704 per·

258 707 337 764 hibet
348 708 383 763 de
397 706 452 772 bis,
464 710 492 762 et
511 705 703 776 scripsrthsec,
719 712 748 761 ct
761 705 866 763 scimus
890 707 957 777 quia
983 721 1083 761 verum

257 784 302 836 est
315 777 514 834 testimonium
529 778 604 848 ejus.
629 775 704 833 Vero.
720 776 809 833 Valde
834 776 1020 832 honorandus
1041 782 1083 831 est

257 850 507 911 beatusloannes‚
540 849 667 919 utsupra
692 854 788 919 pectus
806 847 920 903 Domini
945 848 973 902 in
1003 862 1085 903 coena

258 921 397 978 recubuit.
424 921 506 989 itesp.
539 920 596 975 'cce
613 920 798 975 honorandus
823 936 853 975 es
876 919 905 974 in
931 924 1081 989 conspectu

258 1008 335 1054 meo.
347 991 486 1048 Coronati
502 995 539 1055 te,
556 989 624 1045 dicit
644 990 789 1053 Dominus,
807 990 864 1045 noli
885 990 996 1053 timere,
1015 989 1084 1060 quia

258 1067 424 1119 lecumsum
435 1077 548 1131 semper
559 1061 690 1131 eladjuri
703 1065 744 1117 te.
765 1060 839 1116 Vero,
852 1060 1082 1116 lntribulatione.

257 1135 337 1207 Resp.
357 1135 412 1190 iste
426 1132 664 1202 eslloannesqui
693 1150 779 1202 supra
799 1135 897 1203 pectus
920 1131 1031 1186 Domini
1054 1131 1083 1186 in

152 1206 156 1213 '
257 1222 341 1263 coenn
353 1204 489 1262 recubuit.
506 1203 608 1258 Dentus
621 1205 777 1275 apostolus,
793 1202 837 1258 cui
862 1202 987 1258 revelate
1017 1206 1085 1258 sunt

256 1282 366 1333 secreta
379 1280 518 1332 cicestra.
542 1274 621 1331 Vers.
645 1276 753 1329 lsteest
771 1275 907 1340 loannes,
931 1273 976 1329 cui
1004 1272 1085 1329 Chri·

256 1352 316 1404 stus
330 1348 359 1403 in
378 1364 472 1403 cruce.
493 1344 569 1401 Vers.
587 1347 656 1401 Ecce
678 1363 747 1416 puer
759 1362 837 1401 maus
861 1345 967 1400 electus
997 1360 1083 1415 quem

256 1418 328 1493 elegi
342 1435 349 1487 3
362 1417 534 1491 posuisuper
545 1434 609 1472 cum
624 1416 759 1488 Spiritum
776 1433 884 1472 meum.
899 1418 1013 1473 Beatus.

469 1503 600 1577 min
609 1505 694 1561 tertio
706 1510 866 1560 nocturno.

291 1594 409 1661 nnttpt.
425 1593 634 1650 Exaltobuntur
646 1591 844 1662 cornuajusti,
861 1591 941 1648 allel.
973 1591 1081 1647 Psolm.

256 1665 477 1721 Confitebimur.
501 1668 571 1721 Aut.
592 1665 650 1718 Lnx
665 1668 729 1718 orto
740 1668 784 1719 est
793 1663 884 1735 justo,
900 1662 976 1721 allel.
1000 1663 1084 1718 rectis

257 1737 353 1799 corde,
370 1735 496 1799 alleluia,
514 1734 639 1790 alleluiu.
659 1735 766 1790 Psalm.
787 1733 923 1790 Dominus
943 1733 1121 1805 regnaritss

258 1809 390 1863 exsultet.
411 1810 478 1861 Ant.
500 1806 703 1861 custodiebant
719 1803 883 1861 testimonia
901 1807 963 1871 eius
975 1809 1085 1875 etprae·

258 1883 341 1949 cepta
353 1878 412 1946 ejus
427 1876 553 1932 alteluza.
574 1877 641 1931 Psot
660 1875 942 1948 Dominusregnavit,
959 1875 1084 1932 irascan-

257 1954 316 2006 tur.
328 1948 406 2005 Vera.
423 1947 674 2003 annuntiaverunt
688 1963 775 2018 opera
795 1949 870 2020 ejus.

293 2020 490 2088 Responsura
500 2020 686 2086 uadesupro.

294 2091 434 2158 Respoas.
458 2090 563 2145 lstecst
578 2090 715 2153 ioannes,
731 2087 774 2143 cui
798 2088 925 2143 Christus
948 2086 977 2142 in
1000 2104 1083 2144 cruce

258 2160 438 2218 matremVir
460 2157 1082 2231 memvirgioicommendabat.Versitulier,

257 2249 322 2289 ecce
337 2233 421 2288 illius.
434 2178 517 2297 iicon
534 2231 565 2285 ln
586 2230 681 2311 medio
700 2230 831 2285 Ecclcsrae
843 2230 954 2311 speruit
964 2246 996 2285 os
1009 2230 1081 2302 ejus.

258 2310 289 2360 et
301 2303 429 2375 implevit
443 2318 508 2357 eum
523 2302 662 2356 Dominus
676 2301 797 2372 Spiritus
809 2305 989 2372 saprentraeet
1001 2299 1084 2355 intel-

257 2374 355 2431 lectus.
377 2371 459 2429 Vers.
477 2373 554 2429 Misit
570 2372 704 2426 Dominus
718 2388 937 2437 mnnumsuom,
953 2374 981 2426 et
992 2370 1084 2442 tetigit

259 2462 290 2501 os
305 2446 377 2514 ojus.
393 2445 426 2498 Et
437 2442 576 2514 implerit.
590 2443 672 2511 Resp.
686 2441 795 2499 Cibavir
812 2442 1005 2513 illumpanem
1020 2442 1083 2496 rita

258 2520 287 2571 st
303 2514 475 2575 intellectus,
499 2519 529 2569 et
552 2530 627 2585 aqua
650 2514 799 2584 sapientire
819 2513 956 2569 salutaris
976 2512 1084 2584 potavit

258 2586 341 2642 illum
358 2602 364 2641 :
381 2591 410 2641 et
429 2585 582 2641 exsultavit
597 2585 827 2656 [exaltavltleum
843 2586 917 2655 apud
939 2585 1084 2656 proximos

259 2674 338 2715 suos.
362 2656 440 2714 Vera.
459 2658 489 2712 ln
504 2657 599 2712 medio
614 2656 741 2712 Ecclesia
760 2656 871 2727 aperuit
892 2672 924 2710 os
947 2655 1021 2728 ejus.
1051 2655 1085 2710 lit

259 2727 422 2856 pxsultnvit.
444 2727 607 2798 Respuent
644 2743 710 2800 ego.
736 2727 822 2797 aesp.
851 2726 966 2783 Tollite.
1002 2727 1083 2796 ltcsp.

282 2805 399 2857 uerunt.

389 2888 569 2961 ratpotone
583 2888 616 2944 ia
631 2887 785 2944 matutinis
797 2887 954 2944 Laudibus.

296 2978 477 3045 Antiphilu
496 2981 538 3031 est
563 2976 718 3047 discipulus
741 2975 788 3030 ille
813 2975 861 3047 qui
887 2974 1084 3031 testimonium

260 3047 414 3121 perbibuit,
429 3049 535 3102 scimus
550 3047 617 3118 quia
634 3064 732 3102 rerum
743 3052 786 3103 est
795 3046 995 3102 testimonium
1010 3046 1082 3115 ejus.

259 3122 327 3175 hut.
344 3119 393 3174 Hic
403 3124 446 3174 est
460 3117 614 3188 discipulus
626 3130 719 3188 meus:
733 3118 852 3173 siceum
871 3118 933 3173 volo
964 3133 1084 3173 manere

260 3192 351 3246 donec
365 3190 488 3245 reniam.
505 3191 573 3245 Aut.
586 3190 654 3243 Ecce
666 3204 734 3258 puer
758 3206 839 3244 meus
860 3188 966 3244 electus
998 3204 1083 3260 quem

259 3261 342 3333 clegi,
359 3262 532 3332 posuisuper
546 3276 612 3316 eum
623 3258 755 3330 spiritum
771 3268 955 3325 maumam.
971 3261 1084 3315 Suntde

259 3332 470 3397 hiemantibus,
484 3330 532 3403 qui
548 3348 601 3385 non
614 3332 771 3402 gustabunt
789 3336 923 3393 mortem,
935 3332 1025 3387 donce
1048 3349 1085 3384 rr·

259 3403 442 3459 deanttilium
460 3400 585 3457 hominis
597 3401 626 3456 in
634 3418 721 3472 regno
732 3417 795 3457 siro.
813 3408 882 3459 Aut.
894 3402 1084 3458 Siceumvolo

260 3472 611 3602 mpnteredonecreniam.
633 3471 710 3529 Vero.
726 3473 825 3529 iustus
851 3478 883 3529 ut
915 3474 1013 3546 palma
1033 3473 1083 3529 llo·

259 3562 290 3603 re
311 3563 345 3603 ι.

501 3626 504 3635 ‘
561 3633 779 3705 lanoaaetio.

297 3722 416 3793 antipa.
430 3722 461 3777 ln
481 3720 578 3777 medio
589 3721 730 3778 Ecclesiae.
746 3725 814 3778 Aut.
826 3722 880 3778 lste
894 3724 938 3777 est
949 3723 1084 3792 lomnes,

260 3794 308 3868 qul
321 3811 406 3865 supra
420 3796 517 3864 pectus
531 3792 644 3849 Domini
658 3792 686 3847 in
707 3809 790 3849 coena
803 3793 931 3849 recubuit
957 3808 964 3858 ;
985 3794 1084 3849 beatus

262 3866 408 3990 apostolqu
423 3865 466 3920 cui
477 3864 604 3946 revelata
617 3868 684 3919 sunt
696 3862 1079 3946 secretacoelestimhutipb.

258 3936 1084 4088 littrblllbtltttt'tettiblttffltlltbt

259 4095 359 4143 annes,
373 4079 418 4134 cui
432 4081 594 4136 Chrislnsm
611 4092 694 4133 cruce
708 4084 830 4133 matrem
846 4076 991 4148 Virginem
1007 4094 1084 4133 com-

258 4151 428 4207 mendabat.
449 4154 518 4206 Aut.
537 4148 676 4219 Virgoest
689 4148 795 4204 electus
818 4147 982 4213 aDomino,
998 4153 1084 4221 atquc

258 4222 456 4277 iutercmteros
468 4219 560 4300 magis
572 4220 701 4288 dilectus,
713 4218 789 4275 allel.
798 4222 854 4274 tut
882 4219 965 4291 Virgo
978 4221 1083 4277 electus

258 4308 276 4347 a
288 4291 412 4349 Domino
426 4291 467 4345 rir
483 4291 593 4416 [Vrrpo[
604 4290 632 4345 in
643 4306 733 4345 murm
750 4290 918 4361 permansit,
934 4290 1011 4346 allel.

377 4364 408 4419 ta
425 4361 524 4431 cipitia
556 4369 742 4429 auricomum,
756 4362 797 4417 ud
812 4363 964 4428 vaisseras.

1138 456 1202 510 Vidi
1218 457 1269 512 sub
1285 458 1378 513 altare
1390 458 1437 513 Dei
1457 458 1571 514 unimus
1582 464 1754 521 sanctorum.
1766 467 1872 532 propter
1883 482 1933 522 voe⁴
2008 490 2009 521 2

1138 526 1206 582 bum
1222 528 1333 584 Domini
1349 530 1425 600 quod
1441 528 1597 595 habebunt,
1613 529 1795 588 elelnravoce
1809 532 1889 616 749
1902 538 1936 592 dl·

1137 599 1250 653 nebant.
1281 601 1375 664 Quare
1399 615 1465 654 non.
1492 602 1578 670 Resp.
1604 602 1766 657 Effuderunt
1786 620 1935 675 sangumem

1136 674 1301 724 sanctorum
1317 672 1397 728 velut
1409 686 1426 725 a
1447 688 1514 726 uam
1527 673 1555 726 in
1566 671 1850 737 circuitulerusnlem
1859 682 1937 735 elnon

1136 745 1198 795 erut
1209 740 1407 812 quisepeliret.
1424 689 1502 799 iere.
1514 742 1645 807 Vindica,
1654 744 1937 818 Dominasanguinem

1136 827 1286 867 serrorum
1297 818 1413 868 tuorum
1432 813 1480 884 qui
1495 814 1601 870 ellusus
1616 819 1669 870 est.
1689 816 1719 870 ln
1733 814 1854 871 circuitu.
1868 819 1936 891 llesp.

1136 882 1486 941 adoraveruntviventem
1502 884 1531 939 in
1546 885 1828 947 smculasnculorum
1838 888 1936 945 mittea-
2008 902 2009 953 3

1136 957 1384 1011 tescoronassuas
1394 959 1460 1011 unte
1470 956 1607 1012 thronum
1622 956 1734 1012 Domini
1749 959 1794 1013 [tei
1809 958 1859 1013 sui.
1873 960 1936 1017 terr.
2008 964 2009 991 l

1137 1026 1288 1082 Venientes
1298 1027 1588 1089 autemrenicntcum
1597 1027 1797 1095 exsultatione,
1809 1036 1938 1101 portantes
2008 1034 2009 1045 ¹

1138 1096 1550 1168 manipulossuosldittenles.

1377 1189 1722 1247 luseruadoooctumo.

1172 1276 1294 1346 hutiplt.
1331 1275 1394 1331 l'ilii
1411 1275 1572 1343 hominurn,
1601 1276 1701 1333 scitote
1726 1276 1793 1348 quia
1816 1277 1936 1334 Dominus
2008 1300 2009 1347 3

1138 1347 1275 1405 Sanctum
1302 1364 1385 1403 suum
1401 1347 1573 1402 mirificavit.
1588 1349 1667 1405 Psat.
1690 1350 1760 1403 Cum
1778 1347 1933 1405 invocarem.

1136 1419 1203 1475 Aut.
1217 1419 1302 1474 Scuto
1316 1419 1399 1474 bonu
1410 1418 1564 1474 voluntatis
1574 1423 1631 1475 tuae
1648 1419 1789 1475 coronasti
1804 1436 1874 1485 enm,
1894 1420 1938 1475 Do·

1136 1489 1225 1545 mine.
1243 1490 1325 1547 Psoi.
1339 1491 1432 1545 Verba
1446 1505 1521 1545 mea.
1536 1493 1603 1545 hat.
1622 1489 1793 1546 inuniversa
1809 1493 1879 1545 terra
1890 1488 1938 1561 glo·

1136 1560 1180 1616 ria
1193 1559 1490 1617 ethonorecoronasti
1502 1577 1560 1617 eos.
1579 1562 1662 1618 Psut.
1676 1560 1804 1628 Domine,
1819 1560 1937 1617 Dominus

1136 1635 1244 1687 noster.
1262 1633 1333 1688 Vera.
1350 1631 1449 1687 Gloria
1464 1634 1493 1688 et
1506 1631 1625 1688 honore.

1172 1702 1365 1771 Despoasoriu
1379 1702 1458 1760 uude
1467 1718 1570 1771 supro.

1173 1773 1257 1843 Hesp.
1272 1773 1317 1829 lsti
1334 1778 1398 1829 sunt
1412 1772 1504 1829 sancti
1519 1772 1565 1844 qui
1581 1772 1729 1845 passisunt
1742 1770 1938 1845 propterte,Do
2008 1778 2009 1825 l

1137 1844 1226 1927 mine²
1243 1844 1408 1900 vindicaeos
1419 1844 1486 1915 quia
1500 1844 1629 1900 clament
1643 1844 1680 1899 ad
1691 1848 1718 1899 tc
1732 1847 1790 1898 tota
1802 1843 1852 1898 die.
1872 1842 1936 1898 Vero.

1137 1915 1268 1979 Vindice,
1278 1916 1409 1979 Domine,
1423 1915 1604 1986 sanguinem.
1614 1916 1698 1983 Deru.
1710 1914 1938 1984 Eccevidillgnum
2008 1924 2009 1975 l

1137 1991 1261 2042 stantem
1276 2003 1308 2041 su
1331 2004 1361 2041 ra
1375 1990 1503 2041 montem
1518 1986 1599 2049 Sion,
1616 1992 1724 2042 etcum
1740 2002 1772 2042 co
1790 1990 1937 2040 sanctorum
2008 1978 2009 2045 l

1138 2057 1243 2113 millia.
1263 2058 1296 2113 Et
1311 2004 1457 2113 iubebant
1480 2074 1586 2113 nomen
1602 2058 1676 2130 ejus,
1705 2061 1733 2113 et
1750 2073 1850 2112 nomen
1868 2054 1940 2126 patris
2008 2066 2009 2127 t

1137 2129 1200 2254 ppos
1227 2128 1364 2253 scripppm
1383 2128 1414 2253 (ip
1431 2128 1573 2209 frontibus
1591 2129 1660 2255 spiris.
1691 2130 1769 2253 Kasp).
1786 2128 1829 2253 ¹th
1845 2125 1938 2251 epcelso
2008 2142 2009 2175 l

1172 2216 1242 2255 rono
1267 2216 1322 2254 vri
1351 2215 1380 2254 se
1402 2215 1450 2254 ere
1470 2216 1562 2254 virum
1621 2214 1677 2256 cs.
1716 2214 1863 2253 muana
1897 2211 1940 2250 me
2008 2224 2009 2245 r

1138 2287 1204 2326 cum
1215 2270 1243 2325 in
1256 2270 1339 2336 albis,
1357 2269 1494 2341 quoniam
1504 2270 1582 2342 digni
1596 2217 1673 2335 suni,
1691 2274 1720 2325 et
1735 2286 1790 2324 non
1801 2268 1891 2324 delebo
1900 2282 1940 2321 no·
2008 2268 2009 2319 l

1138 2341 1332 2396 minaeorum
1348 2340 1470 2397 delibro
1490 2341 1565 2398 vitre.
1583 2343 1661 2397 Vera.
1680 2341 1712 2396 lli
1738 2345 1803 2395 sunt
1825 2338 1940 2421 quicum
2008 2328 2009 2403 i

1137 2412 1371 2538 patulicribusnon
1386 2411 1939 2485 suntcoinquinati,virginesemmsuut.
2008 2410 2009 2479 l

1185 2499 1253 2539 non.

1401 2554 1710 2611 lutertiouocturao.

1174 2642 1292 2724 Autipb.
1307 2642 1403 2697 iustus
1414 2641 1598 2706 Dominus,ct
1613 2640 1741 2714 justitias
1751 2639 1853 2704 dilexit,
1867 2635 1941 2709 aqui·

1138 2716 1228 2769 tatem
1243 2712 1313 2768 uait
1326 2712 1420 2768 rullus
1446 2714 1518 2783 ejus.
1533 2714 1611 2770 Psul.
1636 2714 1666 2767 ln
1696 2712 1815 2768 Domino
1834 2708 1940 2765 conlido.

1139 2786 1207 2841 hat·
1233 2784 1378 2840 Habitubit
1399 2784 1428 2838 in
1451 2783 1635 2839 tabernaculo
1660 2789 1723 2851 tuo,
1751 2781 1895 2855 requiescet
1916 2777 1941 2860 in

1138 2859 1346 2911 montesancto
1365 2860 1424 2911 tuo,
1445 2857 1554 2911 Psutm.
1571 2855 1706 2920 Domine,
1727 2855 1788 2926 quis
1810 2850 1940 2907 habitabit.
2008 2860 2009 2915 ξ

1139 2932 1207 2982 Ant.
1222 2926 1423 2997 Sanctisquiin
1433 2926 1672 3000 terrissuotejus‚
1687 2923 1848 2981 mirificavit
1857 2934 1941 2977 omnes
2008 2918 2009 2957 l

1139 2998 1301 3053 voluntates
1315 2998 1344 3052 in
1355 2998 1409 3054 eis.
1429 2998 1537 3053 Protm.
1552 2999 1699 3054 Conserra
1715 3013 1769 3053 me.

1174 3069 1367 3140 &sponsorio
1382 3069 1461 3124 uada
1474 3084 1578 3135 surico.
2008 3076 2009 3095 ¹

1174 3140 1256 3211 Resp.
1272 3142 1394 3195 Istorum
1406 3146 1449 3196 est
1461 3139 1538 3195 enim
1552 3155 1675 3211 regnum
1690 3138 1824 3196 coelorum
1838 3132 1944 3214 quicop·
2008 3142 2009 3209 ξ

1139 3210 1534 3282 tempseruntvitammundi‚
1549 3213 1775 3282 elpes-venerunt
1795 3210 1828 3264 ad
1843 3219 1943 3279 prema
2008 3212 2009 3217 ’

1065 3330 1070 3340 .
1137 3282 1269 3354 regulet
1292 3281 1423 3337 laverunt
1449 3281 1537 3335 stolas
1566 3298 1631 3337 suas
1657 3281 1692 3337 in
1718 3279 1850 3352 sunguine
1875 3272 1938 3347 agni.

1145 3356 1225 3410 Vera
1239 3354 1286 3409 lsti
1297 3359 1363 3408 sunt
1375 3353 1421 3424 qui
1438 3359 1577 3408 venerunt
1590 3368 1624 3408 ex
1642 3369 1755 3416 masna
1769 3347 1941 3409 tribulatione,

1138 3424 1317 3480 ellarernnt.
1329 3424 1410 3494 llesp.
1419 3425 1538 3480 Centum
1554 3424 1878 3506 quadragintaquatuor
1891 3414 1943 3470 mil·

1138 3494 1187 3561 lia,
1203 3496 1251 3567 qui
1272 3498 1360 3567 empti
1376 3498 1442 3550 sunt
1464 3496 1592 3551 doterrrs
1604 3510 1611 3561 ;
1623 3493 1652 3548 hi
1667 3498 1739 3550 sunt
1752 3494 1868 3564 quicum
1892 3502 1942 3541 mu·

1138 3566 1319 3622 lieribusnon
1334 3565 1588 3637 suntcoinqoinati¹
1597 3564 1726 3638 virgines
1739 3564 1814 3620 enim
1828 3573 1943 3634 perman·

1139 3642 1238 3693 serunt
1253 3654 1260 3703 ;
1277 3638 1341 3693 idco
1362 3641 1483 3709 regnant
1497 3652 1562 3692 cum
1584 3637 1653 3704 Deo,
1666 3643 1699 3692 el
1719 3639 1813 3709 Agnus
1834 3631 1877 3688 Dei
1886 3642 1941 3685 cum

1138 3707 1204 3764 illis.
1226 3708 1304 3765 Vere.
1320 3707 1390 3763 Vide
1403 3725 1490 3779 supra
1502 3710 1632 3764 montem
1647 3708 1731 3771 Sion.
1751 3709 1859 3780 agnum
1875 3704 1943 3782 stau·

1139 3782 1209 3843 tem,
1220 3784 1249 3834 ct
1258 3795 1323 3834 cum
1336 3794 1370 3834 eo
1386 3785 1502 3834 centum
1517 3779 1712 3850 quadraginta
1748 3785 1845 3833 uatuor
1856 3770 1942 3829 milba.

1138 3851 1172 3906 lli
1187 3854 1268 3907 sunl.
1294 3851 1369 3905 νινε.
1390 3849 1461 3905 Vide
1476 3850 1610 3921 angelum
1630 3850 1683 3905 Dei
1703 3796 1853 3905 vtiiantem.
1874 3846 1943 3911 llerp.

1138 3921 1197 3976 Viri
1212 3920 1314 3977 sancti.
1328 3921 1410 3991 Resp.
1427 3920 1760 3992 Tradideruntcorpora.
1790 3918 1869 3985 aas.
1888 3912 1945 3996 ier·

1137 3992 1206 4048 bera
1232 3991 1409 4048 carnificum.
1428 3990 1516 4055 itero·
1534 3992 1600 4048 Haec
1629 3995 1674 4047 cst
1691 4008 1759 4048 vera
1785 3988 1942 4046 fraternitas.

1137 4066 1223 4134 serp.
1238 4064 1335 4120 Sancti
1352 4062 1418 4127 mei,
1434 4062 1493 4134 qui.

1261 4152 1441 4217 antiphona
1453 4153 1484 4205 in
1496 4150 1651 4206 matutinis
1673 4149 1835 4207 Laudibus.

1173 4240 1296 4308 antipa.
1313 4241 1438 4296 Herodes
1453 4238 1544 4295 iratus
1563 4237 1667 4294 occidit
1683 4241 1791 4295 multos
1804 4246 1899 4307 pueros
1922 4226 1947 4282 in
2008 4210 2009 4279 i

1137 4312 1301 4369 Bethlehem
1315 4312 1394 4367 Judae
1407 4311 1521 4366 civitate
1531 4310 1629 4365 David.
1645 4313 1714 4366 Ant.
1741 4305 1840 4380 Angcli
1861 4314 1947 4358 eorum
2008 4320 2009 4383 p

1137 4400 1252 4455 semper
1261 4382 1468 4437 ridentiaciem
1484 4382 1584 4436 Patris.
1605 4387 1676 4436 hut.
1702 4381 1762 4436 Vox
1774 4381 1802 4434 in
1817 4377 1948 4432 Romanu·

300 4432 379 4491 Vm·
391 4434 538 4488 mmmm
554 4432 667 4514 amium·
677 4433 793 4501 mih·
809 4435 930 4514 ¹⁸i⁰f¹im
948 4436 991 4488 ⁰⁸i
1004 4432 1082 4515 ⁹⁰5¹.ss
1100 4453 1123 4510 D
1138 4455 1199 4511 dita
1211 4458 1264 4521 est,
1281 4453 1410 4526 ploratus
1425 4451 1600 4518 mulctatus,
1626 4451 1734 4507 Rachel
1758 4449 1869 4522 plorans
1884 4440 1948 4498 diist

259 4505 545 4577 regnumooelorum,
566 4521 614 4574 qur
634 4506 1082 4574 contempseruntrrtommundr,
1138 4543 1214 4581 suos,
1230 4528 1298 4581 Ant·
1312 4523 1482 4581 gamm-0110
1507 4523 1555 4578 Dei
1569 4539 1670 4579 omnes
1683 4521 1776 4578 sancti
1802 4516 1947 4575 clamant:
2008 4560 2009 4589 p

259 4581 289 4633 et
302 4580 493 4659 pervenerunt
507 4576 544 4630 ad
560 4575 680 4657 prumia
699 4574 790 4648 regni,
806 4579 835 4631 et
853 4575 984 4632 laverunt
997 4576 1084 4632 stolas

260 4665 328 4706 suas
346 4664 376 4704 tn
392 4663 529 4722 sanguine
543 4663 621 4718 agur.

526 4735 571 4791 lto
599 4735 816 4792 luoitutorr‘um.

294 4823 411 4897 Autiph.
427 4823 587 4882 Mirabilem
603 4823 845 4879 Dominumhat.
858 4822 967 4894 Regem
977 4829 1085 4899 marty·

259 4914 336 4956 rum.

520 4984 665 5055 lupriolo
679 4984 845 5041 Nocturuo.

294 5092 416 5157 natiuit.
439 5090 469 5148 ln
491 5092 553 5165 lege
568 5090 683 5147 Domini
697 5090 892 5145 tuitroluotas
903 5091 965 5164 ejus
980 5092 1026 5149 die
1049 5109 1083 5149 ac
1137 5077 1214 5133 essim
1231 5092 1350 5158 reguum
1363 5077 1505 5132 ⁰ffl¹⁰¹¹¹¹¹¹l
1522 5077 1590 5156 {³²¹1-
1611 5074 1756 5154 Lfllssfflssi
1768 5070 1856 5153 “9¹⁰⁸
1876 5075 1945 5121 ⁸⁰⁸⁸·

257 5169 351 5223 nocte.
367 5165 477 5220 Psatm.
488 5165 591 5218 Brutus
601 5162 655 5218 rir.
668 5162 1081 5233 tlatl‘raedicanspraeceptnm
1136 5153 1165 5204 02
1179 5149 1316 5203 ⁰⁰Dd¹d³⁸
1331 5163 1380 5203 ⁹⁸⁸
1393 5146 1557 5202 seoelfflstffl
1574 5159 1711 5216 sa”tillme
1733 5158 1811 5215 ⁸8⁰¹·
1838 5140 1902 5192 ini·
1931 5129 1949 5182 Α

259 5236 380 5300 Domini,
391 5235 561 5291 constitutus
576 5237 620 5288 est
633 5233 661 5288 in
677 5239 775 5289 monte
790 5238 889 5289 sancto
902 5236 973 5307 ejus.
1001 5235 1081 5292 Rrul.

259 5309 353 5374 Qirnre
367 5308 555 5362 tremuerunt.
564 5304 712 5361 hat.Vocc
727 5322 791 5360 urea
806 5306 841 5360 nd
858 5305 1010 5361 Dominum
1027 5306 1084 5362 cla-

258 5380 345 5441 mari.
362 5384 390 5434 et
404 5376 545 5433 exaudivit
562 5392 607 5430 ure
621 5377 656 5431 tle
671 5381 770 5431 monte
790 5380 889 5430 sancto
913 5393 975 5431 suo.
1003 5378 1082 5434 l’sul.

257 5451 389 5516 Domine,
399 5446 466 5521 quid
483 5442 663 5516 multiplicati
676 5452 751 5502 sunt.
775 5447 851 5503 Vera.
867 5446 938 5502 Voce
954 5464 1030 5504 mea.

467 5546 662 5616 Respoasorr'o
677 5545 756 5600 uude
767 5558 873 5612 supro.

294 5647 379 5714 Resp.
409 5644 467 5700 Sub
482 5644 573 5699 altore
602 5642 652 5699 Dei
668 5641 764 5698 audiri
791 5657 874 5699 voces
893 5640 1053 5700 occisomm
1072 5662 1079 5712 ;

259 5730 349 5787 quare
359 5732 415 5770 non
430 5714 562 5771 delendis
577 5713 747 5787 sanguinem
758 5716 889 5769 nostrum
902 5712 917 5770 i
928 5720 957 5771 et
969 5730 1084 5789 accepe-

259 5790 330 5849 runt
342 5785 647 5865 Drinumrcsponsum
663 5784 920 5846 :adhuosastincte
926 5785 1083 5865 modicum,

1138 4596 1259 4652 Vindice
1284 4594 1455 4668 sanguinem
1483 4599 1624 4660 nostrum,
1651 4595 1725 4650 Deus
1752 4595 1855 4647 noster.
1890 4587 1946 4662 tut·

1138 4667 1397 4724 Cantobantsancti
1411 4666 1557 4722 canticum
1576 4682 1694 4729 novum,
1707 4670 1774 4719 ante
1792 4662 1882 4717 sedent
1896 4655 1945 4731 Det
2008 4716 2009 4725 ,

1138 4735 1757 4867 3153⁰⁰⁸b⁸i¹⁰mi⁰⁹⁰⁰e⁵mmm'
1795 4727 1946 4791 Veraifltlt
2008 4744 2009 4807 }

1438 4904 1654 4976 luEuoaaetio.

1173 5005 1292 5076 hatiph.
1307 5002 1397 5059 Sinite
1408 5003 1543 5076 purvulos
1559 5001 1654 5059 venire
1668 5001 1706 5055 nd
1722 5016 1771 5055 me
1783 5016 1792 5053 :
1803 4995 1899 5053 talium
1912 4988 1949 5045 est

1137 5219 1343 5294 750himatu
1356 5221 1385 5273 et
1397 5218 1483 5286 inira,
1495 5215 1599 5273 occidit
1611 5213 1718 5270 urultos
1731 5202 1949 5291 puerosllerodet

1138 5305 1255 5416 propter
1271 5290 1433 5371 Dominum.
1449 5291 1517 5390 Am?
1528 5286 1721 5343 ambulabunt
1734 5298 1846 5365 mecum
1860 5293 1887 5333 m
1912 5270 1945 5328 al·

1151 5379 1194 5424 ns,
1201 5378 1339 5487 ¹epitonium
1347 5362 1423 5433 digni
1431 5365 1511 5486 spot,
1523 5365 1620 5486 einmi
1630 5356 1951 5484 pplgbpssnnpppppputssotlptossg

1138 5433 1206 5559 irini
1219 5437 1545 5575 cloiridirinaiiiiiiriiisue'i
1559 5448 1637 5559 einim
1651 5503 1731 5559 sunt,
1751 5501 1782 5553 ct
1806 5490 1952 5570 sequuntur

1139 5590 1248 5659 agnum
1262 5590 1431 5657 quocunque
1441 5573 1515 5630 ierit.
1524 5575 1593 5657 hut.
1609 5572 1781 5627 Innocentes
1798 5559 1956 5683 procilli&
2008 5572 2009 5595 l

1138 5638 1908 5798 libblibbltrtlnttlltltbllblbbl
1932 5696 1957 5776 a
2008 5680 2009 5739 t

1137 5788 1238 5848 (licum
1250 5803 1365 5867 semper
1375 5786 1494 5853 :fitorio
1505 5787 1570 5862 tibi,
1581 5785 1722 5846 bomne.
1736 5784 1806 5843 Aut.
1820 5775 1856 5836 ut
1876 5768 1958 5851 eupit
2008 5768 2009 5807 l
