4032 6176
94 206 135 273 til

428 194 465 261 tit
486 200 516 261 S.
540 190 712 263 aemonii
733 196 869 260 LIBRUM
889 193 1213 267 SAGRAMENTDRUM
1235 196 1356 265 NOTAE.

1692 195 1751 265 itii

94 345 198 398 aternam
205 329 341 411 pertinere.
354 328 501 401 Quiaeigo
512 330 750 401 parruliaecdnm
759 329 871 385 ratione
887 334 911 392 Α
926 328 1013 384 ιιίιιιιι
1025 330 1119 387 odoris
1133 334 1290 389 nectareei
1303 333 1424 405 spiritaii
1441 332 1750 390 unctiouedeiibutum.

92 413 175 467 utentes
186 406 235 458 trec
257 416 375 456 minime
386 418 488 469 capere
503 407 631 473 possunt,
645 405 757 526 osortet
768 406 795 455 ut
806 417 870 456 cum

93 482 119 537 sd
129 472 304 545 intelligibilem
320 478 434 527 aetatem
442 474 642 598 pervenerint,
678 477 825 535 oeeaotur,
844 475 874 527 et

91 551 138 609 ilai
149 541 324 606 sacramentis,
343 547 371 599 et
385 559 437 598 con
453 544 572 600 essionis
598 560 657 599 auae
673 543 826 615 mysteriis,
844 549 873 597 ut

91 640 113 679 ea
124 626 144 677 et
157 615 271 673 veraciter
284 615 416 679 credant,
432 621 461 670 et
473 615 602 686 diligenti
618 631 686 670 cura
700 615 871 669 custodiant.

91 688 261 749 Conlmsioneni
282 702 365 740 suani
389 689 473 757 plane
495 685 630 750 diximus,
656 684 873 767 quinqueuiris

90 760 200 836 milli
210 756 325 811 necdum
343 757 419 827 loqui
434 757 552 827 possint,
567 774 617 827 pro
631 757 687 811 iltis
697 763 724 813 et
738 755 875 813 cantiten-

90 832 298 900 turetloqunntur
308 827 356 898 qui
372 844 420 884 eos
431 829 464 884 de
480 828 595 884 lavucro
606 827 872 898 sontissuscipiunt:

90 898 279 963 necimmerit03
295 898 413 969 dignum
430 906 473 955 est
494 906 525 955 ιιι
543 898 729 970 quintiorum
751 897 876 970 peccatis

86 972 173 1031 obnoxii
186 980 253 1032 sont,
268 969 393 1024 alioruin
409 971 496 1025 etiam
509 969 689 1026 confessione
701 987 755 1052 per
768 974 873 1040 myste-

87 1047 139 1102 rium
152 1039 319 1112 baptismatis
347 1040 546 1097 remissionem
576 1041 760 1114 originalium
784 1039 874 1113 perci·

84 1118 146 1189 piant
156 1117 335 1239 peccatorum.
375 1144 385 1157 ·

108 1211 118 1237 ι
137 1185 154 1235 ι’
168 1183 255 1248 iloni
267 1199 334 1237 vero
351 1182 424 1238 illius
438 1184 573 1253 suntjam
586 1183 718 1239 aetatisut
731 1181 875 1238 rationem

82 1255 224 1313 credulitatis
248 1270 307 1308 suas
323 1255 440 1309 reddere
462 1255 582 1325 possint,
597 1254 727 1325 diligenti
746 1252 875 1309 examine

81 1326 195 1383 scrutandi
207 1329 280 1389 sunt,
298 1330 394 1380 utrum
411 1325 547 1382 veraciter
561 1327 689 1392 credant,
704 1342 740 1380 an
755 1325 875 1398 alicujus

81 1398 184 1453 falsitatis
194 1396 220 1451 in
231 1395 270 1450 eis
283 1398 396 1450 macula
408 1397 523 1463 celetur,
535 1398 656 1453 necdum
671 1396 745 1470 [Lep.
758 1395 876 1467 nedum]

80 1469 212 1523 auttimore
226 1471 274 1521 aut
302 1466 401 1522 farore
426 1472 604 1524 terrenarum
626 1474 811 1593 potestatum,
827 1471 877 1521 aut

79 1539 235 1611 requisitione
251 1539 446 1608 quarumdam
462 1556 559 1596 rerum
574 1540 611 1594 ad
648 1540 809 1610 aptisriiatis
833 1555 877 1594 sa·

78 1617 226 1666 armentum
248 1609 451 1681 ignorantibus
470 1610 609 1665 ministris
634 1610 764 1666 Ecclesiae
780 1626 877 1680 perre-

965 424 973 449 ·
998 403 1218 460 increatam
1234 404 1337 475 bisqui
1364 405 1524 476 baptizandi
1550 409 1627 468 sunt,
1656 410 1753 475 pectus

926 472 962 528 de
974 474 1037 527 oleo
1052 480 1080 529 et
1092 476 1216 546 scapula
1232 482 1400 547 tanguntur,
1415 483 1444 530 ut
1458 476 1534 532 illius
1549 476 1603 532 olei
1616 476 1754 531 sanctisi-

928 543 1030 599 delieet
1041 545 1162 616 Spiritus
1178 545 1311 601 unctione
1326 547 1399 601 liniti
1413 549 1512 628 dequo
1524 546 1676 617 Apostolus
1691 547 1752 602 ait:

927 616 996 670 sicut
1009 618 1100 670 unctio
1116 619 1173 687 eius
1195 616 1268 672 docet
1289 634 1335 671 nos
1349 617 1380 672 aa
1397 617 1529 682 omnibus,
1542 624 1609 675 aute
1628 623 1656 673 et
1675 622 1752 673 retro

929 686 1042 743 muniti.
1057 687 1085 743 id
1098 702 1140 743 esi
1162 694 1263 743 eontra
1275 688 1373 742 omnia
1386 705 1520 769 prospere
1547 689 1605 744 sire
1632 689 1754 744 adversa

928 757 1198 830 sinteireuinspeeti,
1212 763 1240 813 et
1250 758 1408 814 caelestium
1419 757 1753 815 animaliumimitatio'ue

929 836 995 884 ante
1008 837 1035 884 et
1051 836 1127 885 retro
1138 830 1213 901 pleni
1227 830 1285 885 sint
1299 829 1395 893 oculis,
1413 829 1440 885 id
1457 834 1499 884 est
1525 830 1698 899 praeteritum
1725 832 1754 887 et

929 898 1256 971 iuturumrespicientes,
1264 900 1595 956 salutissumcustodiam
1607 901 1752 957 nonamit·

930 975 1001 1025 tant.
1016 970 1074 1027 Tan
1097 971 1154 1027 itur
1170 972 1210 1027 eis
1224 976 1332 1044 peetus,
1350 971 1436 1043 367
1447 977 1477 1025 ut
1491 971 1754 1028 cumDariddicere

930 1042 1054 1112 possint:
1091 1050 1101 1098 t
1116 1043 1378 1113 misericordiosius
1398 1044 1548 1123 proueniat
1562 1060 1611 1097 aie.
1624 1043 1755 1113 Tangun·

931 1118 976 1168 tur
990 1116 1122 1185 scapulae.
1140 1120 1170 1169 ut
1184 1116 1363 1170 carneadem
1377 1115 1475 1169 dicant
1489 1134 1495 1167 :
1516 1114 1552 1169 Et
1568 1114 1757 1168 misericordia

929 1185 987 1255 ejas
998 1185 1175 1257 subsequatur
1184 1203 1233 1241 mc.
1248 1186 1275 1241 ld
1290 1194 1341 1251 est,
1358 1185 1513 1254 anteriora,
1523 1191 1553 1240 ut
1567 1185 1638 1241 bene
1655 1186 1754 1250 ielint;

930 1256 1096 1327 posteriora,
1111 1273 1146 1313 ne
1162 1256 1267 1312 trustra
1294 1256 1477 1312 counitione
1505 1261 1601 1312 autem
1626 1255 1696 1311 velle
1727 1261 1757 1311 et

930 1327 1064 1397 perlicere
1079 1345 1096 1382 a
1112 1329 1168 1383 Deo
1185 1327 1266 1383 nobis
1281 1329 1375 1392 datur,
1390 1343 1407 1382 a
1421 1344 1478 1398 quo
1492 1333 1534 1383 est
1552 1344 1638 1383 omne
1654 1328 1754 1383 datum

931 1397 1085 1469 optimum,
1096 1403 1124 1453 et
1139 1415 1225 1455 omne
1240 1401 1349 1453 donum
1375 1400 1539 1468 perlectum
1558 1400 1592 1454 ιιι
1616 1398 1755 1469 quoniam

931 1469 959 1523 in
975 1470 1069 1524 cordis
1080 1470 1198 1525 nomine
1214 1486 1288 1540 saepe
1301 1486 1381 1524 mens
1394 1469 1571 1539 designatur,
1587 1468 1659 1524 sieut
1669 1477 1711 1525 est
1724 1469 1756 1523 il-

932 1540 995 1595 lud:
1011 1541 1041 1594 ia
1054 1548 1108 1595 toto
1122 1541 1202 1595 corde
1217 1558 1272 1595 meo
1284 1540 1421 1612 requisivi
1432 1547 1468 1606 te,
1481 1547 1510 1596 et
1527 1541 1554 1595 iu
1569 1539 1621 1595 olei
1639 1541 1756 1595 nomine

931 1610 1099 1682 intelligitur
1110 1612 1204 1667 unctio
1219 1611 1308 1667 sancii
1326 1611 1457 1682 Spiritus,
1472 1612 1626 1681 siveopera
1638 1610 1755 1666 luminis

79 1683 150 1745 aiunt,
163 1682 290 1736 radatur
304 1686 438 1735 sanctum
454 1682 581 1745 canibus,
598 1686 627 1738 et
642 1681 805 1752 inargaritae
814 1680 876 1735 mit·
896 1688 959 1750 Bet
974 1683 1184 1748 misericordia,
1199 1684 1293 1737 cordis
1309 1682 1387 1737 loeus
1401 1682 1535 1738 unctione
1550 1683 1683 1754 utrinque
1693 1700 1756 1739 mu-

77 1759 151 1807 tantur
167 1751 237 1807 inter
261 1768 377 1821 porcos,
391 1756 420 1806 et
441 1753 496 1823 lupi
512 1753 597 1807 ovina
621 1752 693 1823 pelle
708 1752 874 1807 vestiantur.

77 1825 136 1878 Hunc
154 1823 225 1879 eoim
250 1839 367 1878 morem
399 1823 523 1878 Ecclesia
543 1840 657 1879 serrare
677 1824 878 1890 consuerit‚ut

76 1893 224 1965 paratiquod
239 1893 495 1965 dierumspatium
519 1895 547 1949 hi
569 1896 617 1966 qui
639 1895 668 1950 in
694 1894 877 1951 solemnitate

75 1965 173 2036 praebiti
187 1966 356 2036 baptizandi
371 1971 438 2020 sunt
451 1972 622 2030 scrutentur,
639 1971 671 2021 ut
684 1965 830 2021 instructis
849 1969 878 2021 et

75 2037 150 2105 doctis,
163 2041 190 2091 et
199 2035 327 2106 simplici
347 2037 432 2092 eorde
447 2038 484 2091 ad
497 2037 581 2093 fidem
593 2053 690 2093 reram
699 2037 877 2095 uenientibus

75 2110 308 2162 nmsacmmrnta
325 2106 544 2177 impertiantur;
567 2108 681 2179 quibus,
696 2113 727 2164 ut
752 2108 877 2178 aptiores

73 2179 226 2234 nveniantur
241 2178 428 2249 baptismatis
441 2186 631 2243 sacramento,
646 2184 789 2234 eteorum
805 2178 877 2234 tides

73 2250 216 2319 probabilior
228 2249 276 2309 sit.
293 2250 431 2320 quaedam
452 2250 524 2305 fiunt
538 2250 724 2320 corporaliter
743 2267 807 2320 quaa
822 2249 877 2320 spi·

71 2320 132 2444 ritulit
138 2328 217 2391 gustu
233 2322 391 2391 degustata
405 2320 557 2392 mysticum
571 2321 639 2393 quid
654 2325 682 2377 et
696 2320 824 2392 spiritale
832 2338 875 2376 aa·

73 2408 139 2461 piari.

98 2462 155 2516 eii.
168 2461 341 2533 ianguntur
360 2461 456 2533 itaque
476 2463 510 2517 de
525 2467 608 2533 sputo
628 2479 721 2529 nares,
738 2467 767 2518 et
782 2479 876 2527 aures,

70 2536 89 2587 et
100 2532 166 2598 dicis,
178 2534 267 2589 iliata
278 2552 283 2589 :
296 2549 395 2594 nares,
407 2542 440 2591 ιιι
450 2534 594 2589 Christum
607 2533 635 2588 in
651 2536 739 2591 odore
752 2550 878 2605 unguen-

71 2608 143 2657 torum
155 2610 322 2675 aequantur,
340 2610 368 2659 et
381 2604 478 2659 dicant
492 2622 498 2658 :
514 2605 593 2660 trabe
607 2622 658 2670 me,
672 2613 731 2676 post
747 2613 770 2660 tc
784 2622 876 2660 curre·

72 2691 128 2738 aar,
138 2681 162 2730 et
173 2692 237 2730 cum
252 2675 396 2747 apostolo
411 2676 598 2746 profiteantur
612 2676 756 2732 dieentes:
772 2676 879 2731 Christi

70 2744 130 2799 boas
141 2747 202 2801 odor
215 2764 312 2801 sumus
328 2746 384 2801 Deo
395 2765 405 2811 ;
418 2751 445 2800 et
469 2746 544 2801 illius
568 2750 698 2802 membra
715 2746 879 2802 efficiantur

70 2817 101 2869 coi
112 2816 204 2872 dicitnr
221 2835 227 2873 :
242 2818 281 2873 Et
296 2818 368 2873 ocior
382 2819 599 2873 vestimentorum
611 2825 719 2873 tuorum
733 2836 813 2889 snper
824 2836 878 2873 om-

932 1754 1019 1818 nitur,
1032 1753 1060 1806 id
1074 1759 1117 1809 est
1131 1755 1258 1809 anterius
1271 1758 1300 1808 et
1315 1752 1463 1823 posterius,
1479 1759 1509 1808 ut
1522 1754 1647 1825 undique
1673 1770 1756 1808 mens

931 1824 1084 1880 Christiani
1101 1831 1129 1879 et
1145 1823 1315 1895 pinguedine
1329 1824 1421 1879 saneti
1432 1824 1564 1895 Spiritus,
1581 1830 1609 1880 et
1623 1826 1756 1895 operibns

931 1894 1044 1950 luminis
1055 1901 1084 1951 et
1097 1895 1301 1951 misericordiae
1315 1895 1458 1951 exuberet.

969 1966 1041 2021 er.
1053 1968 1159 2031 Quibus
1169 1967 1241 2022 bene
1253 1968 1398 2030 exuberat,
1415 1966 1438 2020 ai
1454 1964 1684 2023 abrenuntiando
1697 1964 1757 2020 dia·

931 2037 1008 2106 bolo,
1021 2042 1050 2093 et
1059 2038 1191 2108 operibus
1205 2040 1278 2111 ejus,
1289 2036 1517 2093 dominationem
1533 2037 1608 2092 illius
1623 2052 1754 2107 asperne-

931 2113 986 2173 tur,
1000 2114 1029 2165 et
1039 2125 1143 2180 jugum
1159 2111 1235 2180 quod
1251 2125 1280 2164 se
1312 2108 1442 2163 cernebat
1457 2107 1533 2163 illius
1545 2107 1600 2163 olei
1623 2107 1756 2163 unctione

931 2178 1047 2235 fatiscat
1058 2196 1066 2245 ς
1077 2184 1106 2235 et
1120 2125 1348 2249 impleaturiiud
1361 2178 1557 2249 propheticum
1570 2194 1576 2234 ε
1590 2178 1757 2249 Conipatres·

930 2257 970 2307 aet
978 2251 1076 2323 ioquin
1090 2269 1107 2304 a
1122 2251 1194 2323 tacis
1212 2250 1265 2305 otei
1279 2250 1357 2323 (isai.
1373 2250 1414 2320 x).
1425 2251 1634 2305 Abraountiare
1649 2249 1756 2304 etenim

932 2322 996 2392 poni
1011 2321 1085 2377 solet
1099 2338 1148 2392 pro
1163 2338 1197 2377 eo
1222 2323 1297 2394 quod
1314 2325 1358 2376 est
1379 2337 1523 2392 spernere,
1539 2319 1666 2401 rejicere,
1691 2336 1758 2375 con·

931 2392 1081 2459 tradidere,
1099 2392 1157 2447 sive
1171 2392 1250 2448 aliud
1262 2391 1400 2462 quidquid
1412 2392 1557 2447 borrei-bo
1569 2391 1658 2446 inhoc
1670 2406 1756 2446 sensu

931 2464 1056 2535 exprimi
1072 2467 1174 2534 potest.
1189 2463 1323 2529 Quamvis
1335 2464 1412 2519 enim
1429 2462 1504 2517 illius
1519 2463 1596 2517 verbi
1615 2462 1692 2533 quod
1713 2466 1757 2517 est

931 2535 1028 2589 nuntio
1041 2551 1139 2590 sensus
1149 2534 1177 2589 in
1193 2540 1326 2606 promptu
1342 2533 1450 2589 sitcnm
1470 2534 1533 2589 sine
1557 2533 1756 2604 praepositione

931 2607 1086 2677 profertur,
1100 2611 1129 2661 et
1140 2609 1257 2676 accepta
1266 2605 1465 2675 praepositione
1476 2605 1644 2659 interduma
1659 2621 1711 2658 sua
1721 2604 1756 2658 si·

931 2677 1115 2747 guiticatione
1130 2693 1185 2731 non
1200 2677 1283 2747 longe
1299 2678 1423 2741 recedat,
1438 2680 1469 2731 ut
1483 2680 1526 2730 est
1540 2675 1622 2740 itlud,
1637 2674 1755 2729 narratio

931 2747 1124 2803 sternuntiobo
1133 2765 1144 2811 ,·
1153 2748 1293 2803 interdum
1301 2746 1401 2802 veroin
1409 2746 1496 2802 alium
1505 2762 1618 2802 sensum
1630 2751 1756 2801 vertatur

932 2824 964 2874 ut
978 2824 1021 2875 est
1032 2819 1100 2873 illud
1113 2838 1118 2872 :
1131 2820 1178 2874 Sic
1189 2836 1251 2887 erqo
1260 2820 1346 2872 omnis
1359 2814 1471 2872 carabis
1483 2819 1531 2889 qui
1544 2834 1598 2872 non
1613 2818 1755 2871 renuntiat

69 2889 232 2963 nicromata.
243 2889 342 2956 Quem
358 2891 478 2944 odorem
492 2894 558 2944 tunc
574 2892 645 2945 bene
655 2890 761 2945 babere
773 2888 878 2960 poterit
931 2889 1053 2945 omnibus
1063 2907 1121 2962 qua
1131 2889 1247 2960 possidet
1261 2906 1313 2943 non
1324 2896 1409 2960 potest
1424 2906 1497 2943 rmus
1517 2906 1569 2944 esse
1583 2888 1732 2960 disciputus
1747 2903 1755 2954 3

70 2958 124 3027 ¹laq.
138 2959 293 3033 potaruntJ,
311 2960 389 3015 sieut
409 2959 508 3025 biacia,
532 2977 594 3032 quae
609 2961 815 3031 interpretatur
828 2962 877 3015 do·
932 2961 1134 3016 abrenuntiare
1150 2966 1369 3030 tamensemper
1384 2960 1413 3015 in
1427 2976 1552 3015 cosensu
1561 2959 1629 3030 poni
1639 2974 1755 3014 cousue-

69 3029 200 3095 aliasve
215 3031 404 3097 lumniatrix,
418 3031 594 3087 alabastrum
606 3031 753 3103 unguenti,
769 3032 822 3086 lior.
834 3036 878 3086 est
893 3046 917 3106 q]
932 3036 972 3086 rit
987 3048 1071 3103 quem
1088 3031 1217 3102 superius
1232 3030 1368 3086 diximus.
1383 3031 1592 3086 abrenuntiare
1605 3029 1711 3086 etenim
1727 3046 1757 3084 se

68 3116 134 3155 sacre
145 3102 206 3157 lidei
220 3104 397 3174 puritatem,
409 3106 438 3157 et
453 3107 601 3169 ungueant
621 3102 694 3175 ιιι-9.
710 3106 741 3157 ut
756 3103 876 3176 ungenti
931 3103 1038 3175 fatetur
1047 3103 1172 3161 Satanae.
1188 3108 1216 3157 et
1226 3102 1359 3158 omnibus
1369 3100 1757 3184 operibusejus,etomnibus

66 3173 209 3239 pedestria,
222 3174 751 3243 apostolorumvidelieetmonitacom
774 3174 875 3239 lentes,
932 3174 1044 3246 pompis
1060 3176 1131 3244 ejus.
1148 3172 1758 3239 Quamabrenuntiationemrecteconlessro

67 3241 98 3321 ιιι
113 3244 334 3312 praedicatorum
358 3243 561 3315 quorumlibet,
586 3262 636 3315 per
655 3261 726 3316 quos
749 3192 877 3301 invisius
932 3251 1038 3302 sanetas
1051 3245 1198 3300 Trinitatis
1212 3246 1350 3315 sequitur,
1366 3250 1398 3300 nt
1422 3244 1468 3299 ubi
1491 3244 1646 3299 abundarit
1662 3259 1758 3313 pecca-

66 3316 197 3370 inambulat
210 3334 218 3381 3
230 3320 260 3371 et
269 3319 392 3381 domna,
407 3316 531 3370 mundns
544 3316 685 3381 videlicet,
697 3316 755 3372 sive
766 3317 878 3372 unirer·
933 3322 1006 3382 turn,
1021 3317 1234 3387 superabundet
1244 3315 1346 3397 gratia.
1362 3320 1391 3371 et
1403 3315 1448 3370 ubi
1462 3315 1637 3386 computruit
1653 3315 1758 3386 jugum

66 3384 116 3438 ιιιιε
126 3391 226 3441 sanctas
250 3387 390 3443 Ecclesiae
410 3403 509 3441 eorum
525 3388 600 3442 bona
624 3387 769 3458 opinione,
793 3387 878 3459 quasi
932 3387 1040 3443 diaboii
1054 3404 1072 3442 a
1086 3386 1159 3443 faeie
1176 3386 1318 3442 unctionis
1332 3386 1454 3457 Spiritus
1462 3392 1564 3445 saneti,
1579 3386 1712 3441 adveniat
1727 3385 1758 3439 il-

66 3456 167 3523 quodain
181 3458 256 3513 dulei
272 3463 304 3514 et
316 3458 398 3513 suari
411 3459 506 3519 odore,
521 3458 684 3528 repleatur;
701 3463 730 3514 et
743 3458 811 3530 qnia
821 3459 877 3530 ple·
932 3459 987 3514 lius
997 3458 1112 3540 jugum,
1129 3458 1176 3528 qui
1193 3458 1282 3513 dixit:
1294 3457 1398 3511 Discite
1413 3475 1430 3510 a
1441 3474 1481 3512 me
1495 3458 1561 3528 quia
1570 3457 1646 3511 mitis
1659 3474 1719 3511 aum
1732 3464 1757 3511 et

65 3540 161 3598 raroque
173 3528 416 3585 odorissuaiitas
427 3529 573 3584 etdirersa
588 3529 780 3601 thymiamata
791 3529 880 3586 disso-
933 3530 1044 3585 bematis
1058 3529 1145 3591 corde,
1158 3536 1181 3583 et
1194 3529 1338 3583 invenietis
1351 3528 1471 3599 requiem
1485 3527 1627 3583 animabus
1638 3528 1735 3582 cestris
1747 3543 1757 3591 ;

66 3594 116 3649 lotis
127 3606 152 3653 et
164 3602 350 3656 amatoribus
373 3600 556 3665 conveniunt,
573 3600 620 3655 isti
647 3618 661 3658 e
685 3598 830 3658 contrario
850 3607 879 3657 et
928 3603 1025 3673 jupam
1040 3600 1355 3664 enimamumsuaueest,
1372 3607 1396 3652 et
1409 3615 1475 3653 onus
1489 3615 1574 3653 meam
1596 3597 1660 3652 boe.
1676 3599 1758 3651 Sata·

67 3669 232 3735 mutiueiites,
244 3678 275 3729 et
289 3670 554 3729 Christiamatores
567 3672 669 3736 eiiecti,
685 3672 761 3728 illius
772 3673 879 3728 solum·
933 3690 985 3728 nas
1000 3672 1087 3731 enim.
1121 3670 1148 3725 ui
1168 3676 1196 3725 et
1211 3669 1341 3724 diabolus
1365 3675 1557 3740 nuncupatur,
1584 3686 1600 3723 a
1626 3668 1757 3723 tidelibus

67 3741 880 3814 aomotuuterumsemperamplectanturodoramran-
933 3689 1754 3810 abrenuntiaiunutDominoSalvntoriliberiusserriatur,

66 3816 150 3878 grator
162 3819 189 3868 et
203 3832 303 3873 aures,
320 3819 352 3870 nt
367 3813 516 3869 audientes
532 3816 616 3870 rerba
626 3814 683 3878 Dei,
700 3818 728 3870 et
741 3814 880 3871 iacientes
955 3814 1011 3878 uia,
1023 3815 1108 3886 juxta
1122 3814 1251 3884 ejusdem
1267 3811 1381 3869 Domini
1395 3828 1505 3878 vocem,
1518 3817 1683 3883 irenopotest
1694 3809 1758 3865 duo·

65 3883 460 3961 ea,similessint,seeundum
473 3884 878 3957 Evangelium,airosaprenti,
933 3833 981 3943 ins
993 3885 1237 3940 dominisscrrire.
1389 3948 1391 3953 Ι
1682 3926 1685 3931 .
1732 3950 1737 3962 ¹

65 3968 98 4019 qai
109 3956 248 4025 aedificarit
267 3958 384 4013 domam
397 3973 473 4011 suam
486 3973 572 4027 supra
583 3966 708 4028 petram,
722 3958 879 4028 etspiritali
970 3978 985 4009 ιι
1001 3957 1057 4011 xli.
1080 3955 1303 4013 abrenuntiatur
1318 3953 1406 4009 etiam
1434 3953 1567 4024 operibus
1595 3953 1669 4026 ejus,
1690 3967 1759 4024 qnia

65 4024 702 4101 auditusemperspiritaliaauscultent,utconi
712 4029 878 4086 Dariddice·
934 4043 1021 4099 opera
1036 4027 1112 4082 illius
1124 4027 1269 4082 contraria
1289 4032 1355 4081 sunt
1370 4024 1502 4107 operibus
1527 4023 1706 4090 Salvatoris;
1731 4028 1760 4078 et

63 4109 85 4147 rr
95 4100 209 4166 possint:
222 4098 598 4170 Audiamqar'dloqaaturin
607 4116 647 4153 nie
660 4101 789 4155 Domirms
799 4099 879 4166 Deus;
934 4099 1000 4170 quia
1015 4098 1062 4154 iile
1072 4097 1160 4153 armis
1173 4097 1241 4162 suis,
1253 4096 1282 4151 id
1291 4102 1334 4151 cst
1348 4097 1434 4154 vitris.
1447 4112 1536 4168 genus
1548 4096 1708 4151 humanum
1722 4094 1757 4176 si-

65 4166 87 4217 Et
96 4184 153 4223 raim
167 4171 259 4228 isaia:
274 4172 416 4227 Dominus
431 4170 502 4225 Deus
514 4173 621 4241 aperuit
633 4170 701 4224 mibi
712 4188 807 4227 rursm
817 4189 880 4244 :eqo
934 4170 960 4226 bi
975 4168 1105 4240 subiecit,
1120 4168 1260 4224 Dominus
1273 4168 1363 4223 armis
1377 4167 1445 4233 sois,
1463 4167 1540 4223 idest
1553 4166 1716 4231 virtutibus,
1726 4166 1759 4220 ιι·

62 4244 131 4295 areu
139 4258 190 4297 non
201 4244 381 4300 contradica.
396 4250 547 4297 retrorsum
563 4259 616 4297 non
628 4241 697 4309 atrii,
714 4247 814 4314 utquai
824 4243 880 4314 spi·
933 4240 992 4297 lum
1005 4240 1166 4296 debellavit.
1184 4246 1210 4295 iu
1227 4238 1303 4295 illius
1317 4239 1395 4294 enim
1411 4238 1523 4303 militia,
1541 4235 1570 4292 id
1580 4242 1620 4293 est
1636 4236 1758 4308 peccatis

62 4308 161 4368 ritaliter
179 4314 324 4369 dicuntur
335 4313 498 4380 audientes,
514 4314 549 4369 ad
566 4311 737 4383 spiritalium
759 4332 878 4385 operum
934 4313 1049 4383 nostris,
1061 4312 1191 4376 servitus,
1204 4310 1460 4391 permanensiieq.
1474 4309 1702 4390 permanentem]
1713 4324 1758 4363 ac·

63 4383 236 4439 emolumenta
262 4384 450 4457 perveniant.
479 4384 549 4439 Cum
575 4383 672 4455 itaque
690 4388 826 4440 nominos
849 4388 877 4443 in
897 4383 1008 4469 Dcepit
1021 4388 1160 4438 mortem:
1178 4382 1295 4439 inistius
1307 4381 1421 4445 militia,
1433 4381 1462 4434 id
1477 4381 1698 4447 eat,virtutibua,
1713 4396 1759 4434 ac·

61 4447 365 4525 irrogetiouieiczoai
380 4454 456 4510 babet
473 4472 553 4510 aures
573 4455 714 4525 audiendi,
730 4457 836 4524 audiat,
851 4462 880 4514 et
933 4454 1054 4525 cipimus
1067 4456 1155 4509 vitam
1170 4461 1318 4509 aeternam.
1335 4454 1450 4523 Septem
1479 4450 1575 4523 itaque
1609 4449 1758 4522 rineipalia

60 4520 164 4581 ioannes
174 4528 203 4581 in
213 4527 399 4598 ,apocalypsi
411 4543 463 4581 sua
480 4544 485 4581 z
501 4527 553 4593 Qui
564 4526 876 4597 babetaurssaadr'eadi
933 4525 1010 4595 vitia,
1026 4526 1129 4596 quibus
1143 4523 1548 4603 diabolusgenusliumanum
1559 4469 1757 4603 iniestat,·non

61 4594 207 4669 alioquid
218 4598 362 4653 Dominus
371 4598 445 4652 dicat
461 4598 597 4661 Ecclesiis,
609 4598 654 4652 iiic
663 4615 879 4654 nunaurescar·
933 4596 1089 4668 incongrue
1102 4613 1188 4669 opera
1209 4596 1325 4651 Satanae
1352 4596 1446 4651 dicere
1470 4610 1630 4665 possumus,
1655 4593 1757 4665 quibus

60 4666 132 4731 mles,
152 4670 201 4724 sed
215 4668 373 4742 spiritales
396 4674 570 4740 quaeruntur,
588 4674 617 4725 et
631 4686 681 4740 per
696 4670 809 4725 aurium
829 4687 877 4726 no·

61 4749 112 4790 meo
124 4740 268 4796 interioris
284 4739 418 4795 hominis
432 4740 547 4796 auditus
561 4741 620 4797 desi
641 4745 735 4797 natur.
756 4741 787 4796 ln
797 4758 878 4797 sacro

60 4808 146 4891 etenim
157 4812 275 4885 eloquio
287 4812 464 4884 plerumque
483 4829 533 4882 per
546 4758 678 4868 memira
687 4811 814 4883 corporis
823 4815 879 4884 spi-

60 4880 133 4955 ritalis
142 4884 249 4943 animas
268 4886 394 4940 virtutes
409 4882 618 4953 intelliguntur.
641 4883 712 4949 Quia
723 4900 791 4954 ergo
806 4884 878 4939 diri-

61 4956 119 5004 ntaa
130 4953 276 5011 bominem
294 4971 450 5010 assumens
464 4955 609 5026 quoddam
625 4970 658 5010 ex
677 4955 878 5013 commistione

60 5017 160 5101 diarum
174 5026 416 5084 substantiarum
429 5026 460 5081 in
476 5043 532 5080 una
547 5025 597 5081 Dei
610 5025 670 5081 eiiii
687 5043 807 5096 persona
818 5026 879 5082 eol·

60 5088 230 5171 linomtecit,
252 5099 338 5154 unde
356 5113 447 5169 genus
461 5096 633 5162 humanum,
649 5099 724 5168 quod
742 5114 846 5154 caecum
861 5115 878 5153 a

60 5165 142 5239 prun
167 5170 346 5240 parentibus
367 5174 468 5224 natum
492 5174 563 5233 erat,
590 5167 777 5234 illuminaret,
794 5170 802 5186 '
819 5186 877 5224 non

60 5234 118 5303 ,leq
131 5240 214 5314 nune]
230 5244 353 5312 asputo
367 5255 452 5294 aures
465 5244 631 5309 tanguntur,
646 5245 674 5295 et
689 5256 784 5297 naras.
794 5244 821 5294 ut
832 5258 879 5296 ex·

60 5310 281 5382 truensliuguam
295 5311 373 5366 muti
382 5314 515 5381 tetigerat
532 5311 746 5381 etsputoliitum
760 5313 875 5379 lecerat,

61 5379 173 5436 tiaratos
187 5384 252 5439 raeci
268 5381 336 5438 nati
352 5386 521 5453 aperuerat;
539 5398 614 5438 nunc
622 5399 672 5453 per
685 5382 876 5439 ministerium

933 4673 1117 4740 opponuntur
1133 4672 1242 4738 septem
1258 4666 1428 4793 principales
1441 4664 1568 4731 virtutes,
1585 4680 1648 4734 quae
1670 4680 1756 4735 opera

932 4745 1000 4797 sunt
1013 4739 1110 4811 procul
1125 4738 1210 4794 dubio
1225 4755 1254 4793 sa
1269 4736 1372 4793 utaris.
1388 4737 1444 4791 Nec
1457 4734 1763 4823 minusintereapom·'

932 4811 976 4885 pis
988 4811 1049 4884 ejus
1065 4809 1293 4875 abrenuntiatur,
1307 4824 1370 4890 quae
1384 4807 1480 4878 utique
1494 4823 1582 4878 opera
1597 4812 1663 4861 sunt
1675 4810 1756 4862 bata·

933 4900 987 4939 nae.
1003 4884 1104 4938 sedeo
1119 4881 1200 4953 quasi
1209 4880 1329 4935 discerni
1341 4880 1473 4934 ridentur
1483 4896 1500 4937 a
1510 4878 1756 4949 ceterisoperibus

932 4953 1004 5027 ejus,
1021 4952 1088 5024 quia
1105 4953 1132 5008 in
1144 4953 1205 5024 ejus
1219 4950 1362 5023 superbia,
1378 4950 1458 5032 cnjus
1469 4950 1515 5007 itle
1529 4954 1639 5018 auctor,
1653 4956 1681 5005 et
1694 4965 1757 5032 quae

932 5041 999 5081 eum
1013 5023 1126 5095 dejecit,
1139 5023 1354 5094 quodammodo
1363 5023 1538 5091 designatur.
1548 5020 1662 5092 Pompae
1671 5021 1757 5091 igitar

932 5092 1758 5236 ttttttlttiltatitileialitteraliter?

931 5185 1116 5310 gaiiseuntur.
1130 5238 1269 5307 Pompam
1284 5236 1360 5290 enim
1375 5234 1562 5291 ambitionem
1579 5235 1637 5291 sire
1644 5236 1756 5307 jactari·

931 5312 1001 5366 tiam
1015 5314 1044 5364 ct
1058 5308 1101 5363 bis
1112 5307 1217 5363 similia
1230 5306 1319 5363 intelli
1343 5307 1648 5378 ideberepropiieticus
1660 5321 1755 5361 sermo

931 5382 1122 5443 demonstrat,
1139 5397 1202 5435 cum
1219 5378 1288 5432 dicit
1302 5395 1308 5432 :
1321 5324 1368 5434 iste
1381 5379 1429 5449 qni
1437 5377 1559 5449 opulenti
1572 5378 1635 5433 estis
1648 5378 1678 5431 in
1691 5376 1755 5429 Sion

61 5454 262 5510 werdotumet
277 5452 417 5510 auditum
432 5450 590 5522 spiritalem
607 5453 651 5508 liis
693 5453 721 5509 ni
742 5454 876 5524 baptizati
930 5449 1394 5522 etconfiditisiamonteSamaria,
1409 5449 1654 5520 optimatescapr'ta
1671 5462 1755 5516 popu·

62 5526 113 5571 arnt
126 5524 237 5589 tribum,
254 5530 287 5581 et
305 5529 386 5580 recte
401 5523 545 5595 loquendi,
567 5524 596 5579 id
612 5529 657 5580 est
671 5471 752 5579 idem
777 5542 875 5580 ueram
931 5523 1028 5587 lacurn,
1042 5523 1054 5577 i
1090 5521 1222 5602 redientes
1233 5522 1391 5602 pompatice
1404 5520 1508 5575 manum
1523 5518 1620 5574 Israel.
1631 5586 1637 5599 ι
1649 5516 1703 5596 Sed
1718 5519 1754 5597 'et

63 5590 191 5653 antonii
207 5596 387 5654 laenitatem
403 5597 536 5665 prebeat,
554 5600 583 5650 et
597 5612 691 5660 nares,
714 5595 816 5667 quibus
828 5597 875 5652 bo·
930 5595 1061 5651 Clemens
1095 5592 1459 5649 rudentrusdisertrssiirius
1473 5596 1557 5661 atque
1578 5589 1754 5669 christianis·

64 5664 219 5735 samnbristi
230 5669 362 5724 odorem
376 5683 410 5721 ca
429 5666 501 5733 iant,
514 5668 635 5738 aperiat.
647 5666 875 5723 Pectuseoimil·
928 5665 1114 5736 aimnspoeta
1131 5663 1159 5719 iri
1176 5664 1228 5719 irae
1242 5662 1447 5735 significatione
1463 5677 1598 5734 pompam
1611 5659 1706 5733 posuit
1721 5675 1751 5725 ia

66 5726 158 5813 tuqui
181 5738 504 5819 baptizaturreertom
518 5755 631 5815 semper
652 5754 714 5797 ease
737 5738 831 5811 debet,
847 5743 876 5797 et
927 5736 1000 5796 libro
1013 5735 1249 5813 Papehomactiia‚
1273 5733 1320 5792 ubi
1334 5733 1395 5795 eit:
