4074 6174
104 226 159 287 m
763 231 873 294 LIBER
892 230 1149 295 RESPONSALIS.
1192 294 1197 299 ,
1679 254 1682 261 ’
1742 234 1801 298 m

100 363 268 441 martyrum,
285 362 335 416 aut
348 360 556 427 centenorum,
575 367 641 429 etc,
654 365 767 421 omissis
793 364 916 421 Psalmis
931 365 966 421 de
993 364 1074 432 teria,
1101 365 1322 439 proscribuntur
1337 365 1386 424 alii
1401 361 1449 439 qui
1464 360 1618 439 praemissis
1630 363 1802 439 Antiphoni

101 434 271 487 conveniunt
296 432 334 487 uti
347 433 433 488 etiam
449 451 524 490 nune
537 438 564 490 in
579 436 716 492 Ecclessiii
733 440 860 492 Romana
878 437 1024 493 usitatum.
1465 474 1474 485 ·

134 503 382 585 Quemadmodum
397 504 426 559 in
441 505 513 561 libro
529 507 778 564 sacramentorum
792 507 976 580 assignantur
993 508 1140 564 Orationes
1153 509 1298 566 nonnullas
1309 509 1345 565 od
1358 526 1476 578 erucem,
1486 509 1522 564 ud
1530 510 1621 592 sontes
1632 528 1642 575 ;
1655 509 1696 566 ita
1711 511 1799 569 etiam

100 573 153 627 hac
165 590 192 627 iu
208 573 382 655 Collectione
397 575 562 632 indicantur
576 579 759 649 antiphonae,
774 579 810 633 ed
823 596 937 644 elnaem,
954 583 997 636 vel
1012 579 1048 634 ed
1061 581 1157 651 sontes,
1179 597 1229 651 pro
1245 585 1346 636 octava
1371 582 1572 653 Theophanem,
1590 580 1664 637 forte
1677 583 1755 654 quod
1769 582 1800 638 in

100 643 283 714 Theophama
299 646 436 716 Baptismi
447 647 551 704 Christi
566 650 705 705 memoria
720 649 922 717 celebraretur,
934 655 963 707 et
979 650 1139 721 baptismus
1154 652 1320 707 solemniter
1335 653 1462 707 daretur.

134 715 164 771 ln
174 715 268 773 otticio
285 718 503 778 pacificationis.
517 722 594 790 quod
609 721 751 792 integrum
767 727 810 777 est
823 722 859 778 de
869 721 1050 787 sanctissima
1065 721 1113 776 Vir
1133 721 1189 790 ine,
1220 722 1418 780 observatione
1440 722 1560 796 dignum
1574 723 1798 795 Responsorium

100 786 153 842 hoc
166 803 173 840 ε
188 786 290 871 maes..
302 789 395 844 Maria
409 807 418 856 ‚·
436 797 546 846 cunetas
556 792 666 847 hereses
679 793 736 848 soto
750 793 926 857 interemisti,
946 810 1003 865 quie
1018 738 1161 857 GabrieIia
1176 797 1229 848 ete.

136 857 166 940 lp
178 860 326 915 Domitiana
337 862 356 915 5
367 861 612 933 Ouadrugesimae,
625 863 656 918 de
671 864 882 936 Poeninajam
897 869 959 919 tum
977 869 1153 989 nuncupata,
1176 864 1280 920 Versus
1294 863 1341 920 isti
1356 881 1362 919 ι
1377 864 1461 947 Eripe
1476 882 1517 920 me
1546 863 1579 919 ιιι
1591 864 1699 921 homine
1718 866 1798 934 moto,

100 929 184 1000 Eripe
196 948 236 984 me
250 931 281 985 de
295 932 505 988 inimicissimis.
522 935 597 989 Erue
609 936 749 1007 stramen,
764 936 803 991 De
818 952 863 991 ore
878 935 973 999 teonis,
989 935 1071 1005 appel
1085 940 1170 990 antur
1179 934 1256 991 Verri
1268 936 1454 991 declinatorii.
1464 934 1545 992 Multi
1558 934 1606 991 alii
1621 935 1689 992 alibi
1705 952 1800 993 occur-

100 1007 175 1055 runt.
188 1007 219 1055 nt
234 1001 262 1055 In
278 1004 456 1059 sanctissimo
473 1005 588 1061 l'aschie
603 1006 649 1060 die
661 1022 726 1061 cum
742 1005 944 1062 eodemtitulo.
961 1007 1017 1061 Cur
1029 1022 1093 1061 vero
1100 1005 1140 1062 ita
1155 1007 1297 1073 dieantur,
1311 1008 1440 1063 nondum
1456 1022 1518 1063 assa
1540 1006 1568 1062 ui
1581 1006 1800 1078 potuImus,nisi

100 1088 133 1153 ex
148 1088 228 1128 mera
243 1074 407 1146 conjectura
422 1092 429 1137 i
445 1093 532 1158 quam
549 1077 648 1132 timide
664 1077 847 1145 proterimus,
880 1079 971 1132 donec
984 1077 1089 1133 certius
1117 1077 1224 1149 aliquid
1252 1078 1333 1134 nobis
1359 1083 1502 1148 suppetat.
1519 1025 1553 1133 Ri
1568 1093 1666 1133 versus
1679 1078 1800 1139 omnino

99 1144 261 1214 discrepant
275 1149 311 1199 ab
324 1145 380 1202 iltis
392 1147 440 1217 qni
452 1163 480 1201 m
495 1147 692 1218 Responsoriis
707 1148 872 1205 inseruntur
884 1166 891 1215 3
902 1147 1251 1221 idquehahentsingulare
1265 1151 1342 1221 quod
1348 1149 1540 1220 psalmodiam
1556 1165 1605 1205 seu
1616 1149 1799 1211 Psalmorum

98 1219 214 1271 cantum
230 1216 376 1298 claudant.
391 1216 512 1285 Quando
528 1235 595 1274 vcro
609 1225 762 1283 canuntur,
779 1220 866 1275 iacies
888 1221 926 1275 ad
953 1218 1044 1276 altare
1058 1222 1243 1285 consecutur,
1256 1237 1342 1291 quem
1358 1219 1442 1275 ritum
1458 1222 1591 1277 observat
1617 1221 1794 1280 Amalarius.

98 1288 194 1356 ltaque
208 1288 264 1342 dici
278 1292 432 1358 potuerunt
443 1289 473 1345 hi
488 1290 858 1354 commentariensium
875 1294 991 1362 propter
1000 1289 1217 1347 inclinationem
1243 1308 1292 1347 seu
1318 1290 1534 1348 conversionem
1547 1291 1654 1356 vultus,
1668 1296 1697 1348 et
1710 1295 1799 1348 totius

98 1358 223 1485 corporlis
235 1359 273 1413 ad
288 1359 434 1486 Opientpm
447 1364 497 1416 aut
507 1362 598 1418 altare
614 1380 621 1425 ;
635 1367 700 1417 tum
714 1365 830 1434 propter
844 1360 1011 1433 psalmodia
1023 1360 1109 1418 finem
1120 1379 1204 1435 quem
1214 1361 1343 1418 indicant
1353 1384 1360 1429 ;
1372 1378 1434 1434 quae
1444 1362 1567 1418 enimad
1581 1362 1670 1419 linem
1678 1366 1800 1437 vergunt

98 1442 129 1485 ea
161 1444 289 1485 eeinare
324 1447 389 1487 icun
404 1448 446 1487 ur.
1035 1448 1038 1453 “

130 1501 159 1555 ιιι
175 1499 329 1557 Dominica
345 1503 508 1559 Palinurum
524 1504 629 1559 Versus
643 1504 750 1569 Gloria,
765 1505 835 1568 teies,
851 1511 878 1559 et
892 1504 986 1569 honor,
999 1506 1065 1568 ete,
1081 1503 1201 1560 minime
1215 1503 1362 1576 leguntur.
1509 1560 1524 1569 ,

128 1572 158 1627 In
183 1573 295 1629 Ordine
322 1574 360 1629 ad
375 1573 512 1645 vesperas
531 1575 587 1630 diei
604 1574 719 1631 Paschae
746 1575 850 1647 legitur
861 1592 868 1641 ;
880 1575 991 1631 litterae
1016 1574 1165 1630 asianae
1188 1583 1311 1631 mactum
1339 1574 1472 1630 Ioannem
1485 1572 1521 1629 od
1539 1573 1641 1630 Vestem
1651 1591 1661 1642 ,·
1675 1574 1719 1631 ciii
1730 1575 1793 1631 loeo

96 1641 266 1699 illustrando
280 1645 467 1700 adhibuimus
481 1646 677 1715 conjecturam
691 1646 846 1702 doctissimi
868 1645 1022 1702 ldahillonii
1039 1646 1067 1701 iu
1084 1646 1158 1702 notis
1173 1647 1237 1702 adl
1254 1646 1390 1703 Ordinem
1398 1647 1562 1701 Romanum
1576 1650 1657 1701 tomo
1672 1647 1697 1702 ll
1710 1645 1800 1703 Musei

95 1714 164 1778 ltal„
180 1730 249 1786 pag.
262 1717 305 1771 37.
324 1715 417 1773 Aliam
434 1715 480 1772 bie
489 1717 595 1787 accipe.
608 1717 668 1773 ιιι.
684 1732 722 1782 ιιι,
738 1718 820 1788 epist.
838 1718 866 1782 3,
886 1721 1000 1773 suuntur
1019 1715 1171 1790 Gregorius
1198 1718 1278 1784 iubet
1290 1718 1326 1773 ad
1341 1733 1371 1773 se
1383 1716 1541 1772 transmitti
1563 1718 1689 1773 tunicam
1706 1717 1800 1774 saneti

95 1785 226 1854 Ioannis,
250 1803 316 1857 quie
330 1803 416 1857 penes
429 1788 585 1859 quemdam
599 1788 765 1858 episcopum
778 1793 849 1844 erat.
865 1790 946 1854 Dum,
961 1794 993 1844 ut
1018 1793 1177 1858 optaverat,
1202 1787 1326 1844 Romam
1350 1787 1490 1853 delatam,
1505 1790 1533 1843 et
1546 1787 1692 1844 subaltari
1707 1788 1800 1845 sancti

95 1857 213 1912 Ioannis
225 1857 255 1911 ιιι
271 1858 389 1914 basilica
401 1859 641 1914 Constantiniana
654 1859 826 1915 collocatam
840 1863 940 1914 narrat
957 1859 1081 1915 Ioannes
1098 1858 1248 1925 Diaconus‚
1260 1859 1308 1914 lib.
1320 1874 1351 1913 ιιι
1367 1859 1438 1913 Vitae
1448 1858 1540 1914 saneti
1559 1859 1613 1915 Gne
1651 1858 1697 1924 rii,
1708 1860 1795 1932 731

95 1944 155 1998 cap.
170 1929 208 1983 ιι
225 1945 326 2000 seseq.
343 1930 410 1996 Oura
419 1931 530 2002 guidem
540 1937 633 1995 uestes
645 1931 737 2002 inquit
748 1932 885 1995 Ioannes,
902 1947 986 2013 napae
1002 1931 1130 1985 haetenus
1142 1933 1229 1986 tontis
1240 1930 1388 1985 miserulis
1405 1945 1549 1985 eoruscare
1561 1947 1613 2001 pro
1648 1938 1725 1996 ntur,
1741 1937 1797 1986 etc.

95 1999 133 2053 ab
147 1999 203 2054 bac
221 1999 343 2056 fortasse
358 2017 441 2058 saera
463 2001 572 2066 tunica,
601 2002 720 2059 basilica
734 2002 826 2058 sancti
840 2002 971 2066 loannis,
988 2001 1016 2057 in
1035 2017 1092 2071 qua
1107 2002 1318 2066 asservabatur,
1346 1999 1422 2057 dieta
1436 2004 1480 2057 est
1497 2008 1606 2058 mamus
1620 2001 1740 2060 Jooooes
1760 2002 1800 2058 oct

96 2077 200 2126 natam

126 2141 185 2196 Nou
201 2157 250 2197 me
263 2141 332 2197 latet
344 2142 464 2226 loannis
471 2143 553 2226 Diae.
567 2142 768 2226 testimonium.
780 2159 797 2197 a
812 2141 1171 2226 doctissimolillemontio
1183 2141 1329 2214 reprobari
1341 2140 1434 2215 (Tam.
1450 2142 1472 2208 l,
1489 2140 1560 2199 Hist.
1572 2141 1652 2209 ecch,
1667 2144 1696 2200 in
1711 2141 1798 2209 notis,

17 2286 18 2299 ¹
94 2212 1479 2367 pag⁰8t{4(t))¹)1,ietlauiplipirpsricieppsslpjtglrsegpilrjipnpppttpppsiulipsslgprtulpimidinmnitplitiptpnpsrplpaplimGermano¹
1496 2283 1799 2366 Deohutissiodorensh

93 2370 127 2409 an
141 2355 176 2410 de
188 2356 359 2420 Parisii-nsi,
375 2362 425 2411 aut
441 2357 477 2413 de
490 2356 625 2427 quopIam
646 2355 791 2412 Germano
814 2358 843 2411 id
862 2355 900 2411 sit
925 2355 1143 2427 intelligendum
1167 2373 1225 2412 non
1251 2356 1359 2438 liquido
1371 2358 1494 2411 constat.
1510 2356 1592 2412 Circa
1618 2356 1647 2410 id
1672 2360 1798 2427 tempus,

94 2426 232 2482 nlmiruiu
245 2426 315 2481 maii
328 2427 374 2483 die
388 2428 433 2492 28,
444 2428 606 2484 celebratur
620 2427 723 2483 natalis
736 2427 827 2483 saneti
842 2426 978 2484 Germani
1003 2427 1171 2483 Parisiensis
1186 2427 1332 2485 antistitii.
1349 2426 1388 2483 De
1402 2426 1457 2484 hoo
1471 2425 1544 2483 testo
1556 2425 1587 2482 iu
1601 2427 1703 2484 Codice
1714 2428 1799 2483 Com·
1840 2431 1843 2437 '

17 2540 18 2557 ι
94 2498 300 2569 pendiensieei
315 2515 382 2554 iero
399 2516 449 2569 pro
471 2500 514 2554 ins
530 2499 650 2555 videtur.

17 2582 19 2625 t
125 2569 154 2625 lu
167 2569 271 2625 officio
285 2571 320 2626 de
332 2575 431 2626 sancto
444 2516 536 2636 listro,
553 2569 775 2627 Rcsnonsorium
790 2568 924 2624 ultimum
937 2568 1053 2627 secundi
1066 2568 1199 2626 nocturni
1214 2569 1441 2642 pretereundum
1455 2584 1514 2624 nou
1529 2572 1574 2625 est
1589 2586 1596 2626 ι
1616 2567 1656 2625 ni
1669 2585 1695 2625 es
1705 2576 1802 2647 postor

17 2630 19 2699 Ϊ
94 2643 190 2768 omiinrii
201 2643 334 2713 princeps
347 2642 527 2713 apostolorum
538 2659 548 2708 ‚·
563 2642 616 2697 tilii
634 2641 753 2697 tradidit
767 2642 840 2697 Deus
866 2640 959 2697 omnia
984 2657 1070 2713 regite
1091 2641 1188 2698 mundi
1202 2647 1229 2696 et
1252 2641 1312 2696 ideo
1336 2640 1389 2696 tili
1403 2640 1515 2697 tradite
1528 2646 1592 2697 suot
1609 2639 1697 2697 claues
1719 2640 1801 2714 regni

94 2728 127 2767 ee
189 2730 231 2767 m.
337 2765 340 2769 .

17 2800 18 2849 ι
126 2782 347 2854 Amplissimum
363 2788 417 2850 est,
428 2788 455 2841 ct
470 2801 505 2842 ex
517 2783 737 2841 solemnioribus
746 2783 874 2840 osticium
887 2784 922 2839 dc
934 2788 1032 2840 sancto
1046 2782 1195 2855 Hippolyto
1210 2784 1348 2854 martyre,
1363 2781 1408 2838 die
1423 2784 1455 2839 ιι
1469 2780 1592 2855 augusti.

17 2854 18 2871 ¹
127 2856 196 2921 Quae
214 2856 399 2911 canunturin
416 2855 489 2911 festo
511 2860 675 2912 sanctorum
705 2855 828 2927 Dionysii
845 2859 874 2910 et
898 2855 1042 2911 sociorum
1067 2861 1223 2926 martyrum
1250 2853 1316 2909 Αιιιι
1338 2853 1421 2908 honae
1437 2852 1686 2925 etRespousorIa‚
1701 2852 1801 2910 omnia

17 2932 18 2937 ’
97 2925 287 3050 despmuntur
298 2942 333 2981 ex
347 2942 446 2983 eorum
464 2927 551 2991 Actis,
566 2926 594 2983 in
609 2926 712 2999 quibus
726 2924 998 3000 sanctusDiouysius
1013 2944 1030 2983 a
1044 2929 1145 2982 saneto
1156 2925 1303 2983 Clemente
1329 2922 1511 2996 etriapostoli
1526 2924 1801 2982 successoremIssus

98 3002 137 3052 tra
156 2996 229 3053 itur.

17 3080 18 3097 ι
127 3070 156 3123 ln
167 3074 273 3125 nostro
285 3069 389 3127 Codice
401 3069 506 3141 legitur
535 3072 570 3126 de
600 3074 699 3125 sancto
713 3069 828 3125 Andrea
856 3084 890 3124 cx
919 3068 1050 3142 ejusdem
1066 3066 1143 3124 Actis
1175 3065 1417 3136 consarcinatum,
1443 3065 1528 3139 quale
1548 3066 1608 3125 iere
1622 3065 1801 3125 nuncetiam

97 3137 122 3192 in
137 3141 286 3197 Breviorio
301 3143 432 3197 Romano
442 3141 572 3197 habetur.

127 3213 157 3267 ln
172 3212 253 3266 testo
268 3212 359 3267 sancti
374 3213 492 3268 Thomna
505 3213 638 3283 apostoli,
654 3213 715 3284 ejus
727 3210 939 3283 praedicationis
954 3215 983 3268 et
996 3210 1126 3282 martyrii
1139 3212 1216 3281 apud
1234 3211 1320 3265 ludos
1332 3210 1365 3265 ut
1379 3209 1499 3266 mentio.

126 3283 204 3340 luter
225 3287 276 3340 Res
318 3283 414 3339 osoria
428 3284 474 3339 hie
485 3284 606 3340 collecta
620 3284 753 3356 quaedam
769 3284 961 3339 inscribuntur
975 3283 1186 3339 deonotoritote.
1203 3281 1278 3348 Ouid
1306 3281 1359 3336 boc
1372 3280 1512 3354 significet
1523 3279 1665 3353 explicare
1680 3284 1802 3338 conatur

97 3350 271 3420 imulas-ius,
296 3354 334 3410 ib.
351 3356 385 3410 de
397 3353 464 3410 Ord.
481 3354 693 3426 antiphonarii,
705 3372 767 3426 cap.
782 3356 827 3409 53.
848 3353 1095 3409 ittditfieultatem
1109 3351 1213 3423 tangit.
1229 3368 1288 3408 non
1298 3351 1383 3416 tollit,
1408 3351 1468 3408 irno
1482 3350 1529 3407 vix
1543 3352 1683 3424 tantisper
1696 3353 1799 3409 etevat.

98 3425 131 3479 De
142 3441 172 3481 re
185 3431 292 3481 autem
307 3426 348 3482 ita
360 3427 481 3481 obseura
490 3426 574 3482 silere
590 3426 734 3482 malumus
747 3442 834 3497 qnam
848 3429 957 3482 temere
967 3424 1088 3496 opinari.

126 3496 217 3552 llultn
232 3497 289 3552 alia
300 3498 500 3553 obserraIIone
515 3513 573 3553 non
587 3497 708 3565 indigna
721 3498 750 3553 in
765 3496 899 3553 brevibus
908 3495 984 3552 uotis
997 3494 1068 3551 calci
1082 3492 1279 3550 columnarum
1289 3490 1433 3565 inscriptis
1447 3491 1585 3560 ostendes,
1600 3510 1665 3567 quie
1678 3494 1744 3552 ideo
1755 3492 1803 3550 hic

96 3570 254 3638 repetenda
267 3572 296 3625 et
309 3570 494 3624 retractanda
508 3585 567 3624 non
580 3568 734 3625 eredImus.

345 3837 683 3961 SANG'I'I
750 3837 1185 3959 GREGORII
1246 3836 1554 3975 MAGNI

777 4050 913 4110 RONhNI
931 4050 1125 4108 PONTIFICIS

581 4185 798 4307 LIBER
835 4180 1325 4307 RESPONSALIS

924 4387 984 4429 atr}

641 4482 1265 4611 ANTIPHONARIUS.

171 4692 222 4752 (ιιι
235 4690 334 4744 Codice
347 4690 504 4758 Compend„
520 4706 593 4743 nono
604 4693 710 4744 'seculo
726 4693 873 4744 inclinante
886 4691 1020 4758 descripto
1037 4706 1044 4751 ;
1057 4691 1100 4743 cui
1113 4690 1199 4742 sancti
1212 4688 1332 4755 Gregorii
1349 4700 1428 4755 papie
1441 4699 1542 4741 nomen
1557 4687 1726 4755 prefigitur.)

539 4892 552 4920 ⁸
574 4880 619 4948 IN
646 4880 821 4951 NOMINE
843 4879 1007 4950 DOMINI
1036 4878 1141 4952 JESU
1164 4873 1352 4949 CHRISTI.

371 5022 544 5114 Incipiunt
557 5022 572 5066 ¹³
587 5024 826 5114 Respousrria‚
845 5024 916 5092 sive
934 5023 1142 5115 Antiphone
1156 5045 1220 5114 per
1239 5019 1321 5091 anni
1339 5017 1519 5088 ehoulum.

101 5192 183 5267 733
196 5194 231 5251 Ia
237 5193 337 5266 vigilio
349 5194 603 5265 nominenumine
617 5194 651 5249 de
661 5193 787 5249 Admitte
802 5192 923 5249 Domini.
1258 5190 1303 5247 Ad
1315 5187 1523 5246 Iaoitutori'itm.

405 5265 449 5321 M
465 5265 603 5337 Vtitttssi·
1013 5280 1128 5354 amipli.
1143 5280 1212 5336 Dece
1225 5278 1304 5335 veuit
1315 5280 1385 5345 Rex,
1412 5292 1597 5334 occurramus
1610 5277 1726 5334 obviarn
1741 5274 1806 5359 Sal·

132 5353 249 5434 Antiph.
266 5355 337 5409 Ecce
347 5370 453 5409 nornen
476 5352 588 5409 DomIni
614 5352 692 5409 venit
704 5354 739 5409 de
754 5352 923 5426 longInquo,
979 5352 1068 5408 satori
1080 5355 1189 5434 nostro.
1204 5351 1272 5407 item
1284 5350 1398 5422 Antiph.
1419 5350 1528 5421 Regem
1542 5353 1694 5431 venturum
1708 5348 1804 5432 Domi·

103 5426 129 5476 et
140 5424 254 5481 claritas
268 5426 331 5499 ejus
346 5425 437 5497 replet
451 5425 549 5481 orbem
564 5433 716 5479 terrarum·
979 5440 1060 5489 num,
1074 5428 1169 5480 venite
1187 5423 1351 5479 adoremus.
1365 5420 1432 5477 Ant.
1456 5420 1581 5493 Angelus
1603 5422 1715 5495 Domini
1732 5432 1806 5472 nun·

135 5557 147 5590 ι
163 5547 226 5604 llas
237 5550 340 5623 scripta
351 5556 415 5605 sunt
432 5549 533 5606 titteris
544 5547 698 5619 uncialibus
711 5549 801 5606 aureis
819 5549 846 5605 in
862 5566 926 5607 area
1012 5547 1112 5605 buius
1127 5547 1198 5605 tiber
1213 5545 1382 5620 desponsalia
1413 5544 1566 5619 appellatur
1579 5539 1673 5599 Codex
1691 5557 1726 5599 ea
1739 5555 1804 5597 eon·

105 5631 248 5695 purpurea,
262 5630 290 5679 at
304 5620 394 5678 rubris
407 5619 435 5677 iu
451 5637 516 5679 area
529 5621 603 5678 alba.
977 5619 1083 5678 tinans.
