4062 6180
244 204 304 272 stt

623 210 662 274 lN
682 212 713 273 S.
736 210 909 274 GllEGOilll
930 208 1070 274 LIBRUM
1089 206 1415 271 succlamabimus
1436 204 1555 270 NOTAE.
1646 212 1651 219 '

1884 214 1937 279 tte

245 342 390 414 ἀωὶγνωσις
402 344 510 414 γίνεται,
523 340 552 396 id
568 346 619 407 cst,
640 343 743 400 deinde
772 360 822 415 per
849 343 967 399 lectores
992 342 1067 413 (illos
1085 343 1108 403 Α
1124 340 1224 401 tentia,
1241 340 1375 403 divinius,
1389 338 1597 395 llierarcbieam
1614 338 1833 397 Eucharistiam.
1853 348 1887 400 it
1913 348 1937 404 io

246 417 419 471 enimroeal
447 414 577 484 liturgos.
605 415 634 468 id
666 414 877 485 estministrosl
905 416 1067 469 divinarum

246 486 468 555 scripturarum,
493 487 721 557 prophetiarum,
750 487 892 555 Apostoli,
924 492 954 542 el
980 484 1068 539 divini

244 556 390 626 Evangelii
407 557 438 610 lit
452 556 544 611 lecti0.
567 558 604 612 Ex
619 558 721 628 quibus
737 559 846 612 duobus
875 557 943 612 locis
967 558 1070 611 contir-

244 632 341 682 mutur
359 627 388 681 id
401 630 478 696 quod
493 644 579 699 supra
597 629 721 683 diximus
738 629 875 683 lectorum
888 629 956 683 olim
973 632 1069 698 parles

244 697 333 753 fuisse
349 697 440 769 legere
452 699 606 769 Epistolam
623 706 651 755 et
667 700 850 770 drarrgelium
867 700 895 754 in
914 700 1010 754 llissa.

280 771 590 837 altaecumbae.
620 771 842 840 llcsponsorium
859 770 911 825 boc
939 771 1001 824 loco
1026 772 1070 823 est

245 840 378 896 Gredale.
393 841 467 895 Olim
485 842 625 907 l'salmus,
641 844 793 896 ulciacum
809 847 861 905 est,
886 842 1068 905 cantabatur,

245 927 280 967 ex
294 918 394 967 sancto
408 914 576 983 Augustino,
589 929 675 968 serm.
693 913 736 977 lo,
753 915 788 968 de
804 912 896 968 rerbis
917 911 1042 982 Apostoli
1061 927 1068 975 ;

245 983 302 1038 Hoc
316 986 347 1037 de
365 988 511 1054 aposolica
536 985 645 1039 lectione
657 986 843 1055 peremimus,⁸
862 984 958 1037 deiude
978 990 1069 1036 conta·

245 1055 335 1109 vimus
351 1055 501 1119 Psalmum‚
516 1057 688 1110 retrectantes
697 1072 742 1108 uos
751 1056 863 1109 invicem
875 1071 930 1108 arra
943 1070 996 1109 uun
1010 1070 1070 1107 cor·

246 1126 407 1181 didicentes
421 1144 428 1181 ι
446 1126 546 1181 Venite
557 1128 755 1189 adoremus,et
768 1131 984 1196 prosternamur
993 1124 1028 1188 ei,
1041 1127 1070 1179 el

246 1197 369 1252 fleamus
379 1212 476 1251 eoram
486 1197 608 1251 Domino
619 1198 665 1267 qui
677 1196 743 1251 lecit
753 1213 815 1257 nos.
827 1196 901 1251 etibi
915 1195 1067 1266 prevenia-

247 1284 312 1321 mus
322 1267 424 1323 taciem
438 1269 500 1339 ejus
512 1268 540 1322 in
550 1267 744 1331 Confessione,
754 1274 782 1323 et
795 1268 823 1322 in
838 1267 1069 1338 r'salmisjubile·

247 1354 312 1392 mus
322 1338 357 1394 ei.
365 1339 428 1393 Post
435 1339 497 1394 baec
503 1340 655 1409 consepelire
664 1340 755 1394 lectio.
766 1338 954 1401 Sermonc33,
962 1338 1069 1393 dever-

246 1408 290 1463 bis
302 1410 416 1463 Domini
430 1411 585 1464 secundum
601 1411 706 1464 Lucam
721 1431 731 1466 .·
745 1412 781 1465 In
794 1411 942 1479 apostolica
956 1409 1068 1463 lectione

264 1481 347 1535 ratiae
359 1486 478 1551 aperitur
491 1481 522 1534 de
534 1481 586 1552 fide
595 1483 714 1551 peritiam
733 1482 781 1543 3in
797 1482 904 1535 Psalmo
918 1481 1039 1534 dicimus
1059 1498 1066 1538 :

246 1497 322 1607 ileos
343 1553 478 1606 virtutum
494 1560 627 1607 converte
638 1569 690 1606 nos
708 1568 715 1617 ;
731 1553 847 1606 ostende
861 1550 960 1606 taciem
978 1557 1066 1612 tuam,

247 1624 357 1679 etsalvi
372 1622 488 1678 erimus.
506 1626 598 1679 Serm.
614 1624 641 1685 7,
655 1625 690 1677 de
711 1623 808 1678 l'erbis
833 1622 960 1693 Apostoli
978 1639 985 1677 :
1001 1622 1059 1692 Apo

1125 412 1247 467 llcclesia
1263 416 1392 466 llornnua
1407 413 1483 466 illius
1498 428 1564 465 usus
1588 426 1644 464 non
1669 411 1721 465 luit
1745 418 1812 468 ante
1838 432 1937 474 annum

1124 483 1225 538 Oluisli
1240 485 1319 551 tuit,
1344 489 1414 538 teste
1438 484 1565 536 Barnoue
1588 480 1731 553 buglensi,
1762 487 1854 554 capi
1879 489 1938 545 libri

1124 554 1158 608 de
1169 554 1339 623 quibusdam
1356 555 1439 610 rebus
1454 555 1488 606 ad
1505 553 1618 607 Missam
1638 554 1844 622 pertinentibus
1856 575 1862 612 :
1873 559 1937 616 num

1123 626 1146 677 si
1174 626 1241 687 tileo,
1269 633 1298 679 ut
1322 625 1515 695 sepedictum.
1536 624 1616 677 illum
1643 624 1793 694 nrrpelicum
1821 629 1937 697 bprrruunr

1120 696 1296 766 prohibemur
1318 700 1347 749 iu
1363 695 1568 767 festinisdirbus
1583 712 1687 759 creuere,
1708 713 1737 749 eo
1758 699 1826 767 quod
1850 701 1936 755 liumu-

1123 784 1217 820 uorum
1237 767 1390 838 presbyteri
1412 784 1465 820 riou
1481 766 1567 819 solent
1591 783 1648 819 eum
1670 776 1792 832 cautere,
1809 787 1937 840 possumus

1122 838 1211 891 sinuli
1225 839 1299 892 modo
1310 846 1367 908 post
1381 838 1557 906 Errunpclium
1572 836 1726 906 Sprrrbolum
1742 846 1855 894 reticere
1873 844 1937 912 quod

1123 910 1243 965 Rauraci
1255 926 1335 979 usque
1348 909 1384 962 ad
1396 909 1451 961 brec
1466 916 1587 977 tempora
1601 908 1672 963 dieae
1686 912 1938 969 inemoriarlleurici

1123 981 1298 1048 imperatoris
1311 981 1387 1033 naulo
1412 978 1488 1033 niodo
1501 979 1668 1033 cecinerunt.
1686 980 1736 1033 Sed
1750 982 1783 1033 ab
1798 983 1886 1038 eodem
1900 985 1936 1039 in·

1123 1052 1256 1121 terrogati
1263 1068 1315 1105 cur
1328 1054 1365 1104 itu
1379 1057 1498 1120 agerent,
1510 1067 1549 1103 rue
1561 1065 1652 1104 coram
1670 1053 1824 1115 assistente,
1852 1055 1939 1110 audiri

1123 1137 1165 1176 eos
1189 1121 1341 1190 bujusmodi
1362 1137 1517 1190 repsonsum
1549 1121 1669 1185 reddere,
1708 1122 1843 1189 uidelicet,
1876 1127 1939 1196 quod

1124 1194 1252 1249 [lornano
1266 1193 1383 1247 Ecclesia
1396 1191 1558 1263 consuisset
1573 1191 1720 1262 aliqnando
1734 1194 1794 1250 ulla
1818 1195 1938 1253 lraereseoc

1124 1264 1189 1334 succe
1202 1264 1313 1336 infectu,
1330 1270 1354 1317 ct
1368 1263 1425 1317 ideo
1436 1262 1573 1333 mapisbis
1590 1264 1769 1317 necessariam
1797 1282 1851 1319 esse
1873 1268 1939 1322 illud

1122 1334 1273 1405 Symbolum
1284 1335 1384 1405 scepius
1393 1333 1525 1387 cantando
1535 1333 1717 1403 sreqrtmtare,
1741 1335 1788 1405 qui
1802 1337 1937 1407 aliquando

1123 1406 1183 1460 ullu
1192 1406 1287 1461 liuresi
1331 1412 1440 1459 luerunt
1450 1405 1591 1458 rnacrduri.
1607 1405 1645 1458 At
1655 1406 1789 1460 Dorrriuus
1801 1410 1938 1478 imperator

1123 1494 1176 1530 uon
1190 1485 1270 1531 cretea
1305 1476 1461 1546 esiitquaru
1484 1477 1602 1529 orrruium
1625 1491 1753 1530 consensu
1786 1477 1813 1531 id
1841 1478 1937 1535 domino

1124 1546 1275 1602 Benedicta
1293 1548 1437 1618 apostolico
1452 1547 1599 1617 persuasit,
1624 1555 1655 1601 ut
1668 1547 1703 1600 ad
1723 1547 1856 1618 prrblrcaru
1880 1551 1937 1607 illir-

1123 1637 1179 1672 sum
1196 1619 1459 1673 illuddecumarent.
1478 1620 1539 1672 ttaec
1555 1618 1646 1671 Berno
1660 1620 1810 1687 preet'atus.
1826 1622 1880 1676 Nec
1901 1626 1938 1677 est

248 1696 346 1750 stolum
378 1695 548 1759 audiuimus,
579 1693 719 1748 Psalmum
752 1695 915 1759 andiendus,
948 1693 1070 1762 Kerange·
1088 1690 1199 1764 ssquod
1221 1689 1308 1760 aliqui
1335 1689 1527 1759 respondeant
1554 1689 1692 1743 Bernonis
1719 1691 1805 1745 rerba
1827 1707 1884 1747 esse
1906 1695 1936 1748 de

249 1767 318 1822 lium
363 1766 547 1832 audiuimus;
586 1771 733 1819 consociant
771 1781 860 1819 ornnes
894 1765 996 1820 diuina
1027 1764 1069 1817 te·
1125 1759 1594 1831 SymboloConstantinopolitano
1621 1760 1665 1815 vel
1707 1761 1823 1816 Nicreno
1845 1762 1936 1818 inlelli-

248 1839 356 1893 ctiones.
375 1840 466 1891 Serrn.
489 1838 534 1895 te.
551 1836 585 1891 de
600 1838 760 1906 Tempore:
779 1836 947 1892 nutilium
969 1842 1069 1904 aposto·
1124 1834 1226 1902 genda.
1242 1833 1315 1885 Nam
1332 1830 1354 1884 si
1364 1834 1423 1884 trrrn
1445 1830 1542 1884 Romae
1568 1828 1667 1885 inisset
1679 1831 1809 1903 Syrnboli
1833 1833 1937 1903 alicujus

217 1908 219 1911 ’
249 1910 332 1965 licum
349 1908 497 1962 lectionem.
516 1907 735 1977 Elpaulopost.
760 1907 952 1961 dedicaturum
978 1906 1068 1959 Pluto·
1125 1921 1202 1965 usus,
1218 1905 1368 1957 tenebatur
1381 1902 1575 1956 Oeruodicere
1590 1902 1624 1956 de
1646 1919 1704 1973 qno
1734 1905 1866 1974 Symbola
1893 1906 1937 1959 irn-

248 1977 549 2042 rioradiceutem,'liai
573 1978 625 2032 soli
653 1977 952 2048 peecavi‚dudistisct
978 1977 1069 2031 Euan·
1125 1972 1416 2045 peratorpontiiicem
1438 1975 1599 2027 Ricinanum
1624 1979 1769 2042 rogasset.
1800 1977 1853 2030 Nec
1879 1976 1937 2032 lacit

247 2051 423 2124 peliumrstis
437 2048 593 2104 lectionibus
608 2049 781 2103 concordare.
1125 2047 1200 2170 prod
1214 2049 1362 2114 opponunt
1376 2060 1409 2097 ex
1427 2044 1526 2098 Rubno
1540 2046 1569 2097 in
1595 2044 1775 2114 expositione
1799 2048 1915 2103 Sumboli
1930 2066 1935 2102 :

284 2124 345 2179 etia.
380 2121 456 2184 lube,
484 2122 603 2183 Oorur'ne,
642 2119 807 2173 benederere.
845 2120 875 2173 ld
914 2122 966 2186 est,
1001 2117 1071 2173 velis
1143 2134 1160 2170 u
1185 2117 1302 2170 Ecclesia
1329 2123 1416 2168 tanrru
1445 2115 1629 2169 urbisllomar
1658 2116 1707 2169 boc
1735 2134 1785 2170 uon
1807 2104 1936 2188 depreben-

248 2193 425 2253 benedicere,
455 2190 483 2245 id
506 2195 558 2255 est,
586 2191 712 2245 benedic.
741 2192 814 2243 Nam
831 2190 932 2261 jubere
953 2194 997 2243 cst
1022 2188 1072 2242 sli-

269 2263 460 2327 uaudorelle‚
487 2266 609 2316 utnolat
637 2261 916 2319 Noniusblarcellus.
939 2277 1004 2329 cap.
1036 2260 1066 2314 b.

275 2334 498 2389 uemadmodum
513 2333 549 2386 ad
566 2337 661 2387 nutura
678 2331 812 2402 episcopi,
838 2348 888 2385 seu
916 2329 1072 2401 presbyteri

248 2404 420 2462 celebrantis
435 2403 582 2474 legebatur
596 2402 662 2457 olim
675 2402 870 2474 Evangelium‚
886 2404 957 2456 sicut
987 2401 1072 2455 bodie

247 2478 424 2532 consuetudo
448 2474 680 2545 perseveratur
703 2475 773 2528 olim
805 2473 932 2543 Epistola
959 2472 1013 2527 nisi
1035 2473 1071 2527 ad

248 2546 372 2618 episcopi
385 2548 601 2617 autpresbyteri
615 2545 729 2599 blissam
752 2544 881 2598 facientis
896 2549 996 2598 nutum
1013 2559 1070 2597 non

248 2619 406 2689 legebatur,
422 2622 453 2672 ut
475 2621 555 2687 patet
579 2632 612 2672 ex
625 2615 670 2669 lib.
689 2632 707 2679 r,
725 2615 815 2669 sancti
835 2614 961 2686 Gregorii
986 2616 1070 2668 Turo-

208 2740 211 2749 ,
249 2689 356 2753 nensis,
382 2690 417 2744 de
443 2687 585 2742 bliraculis
610 2687 701 2741 sancti
729 2685 850 2751 Martini,
875 2703 940 2756 cap.
960 2685 1073 2739 5.·θαὶ

249 2759 398 2816 celebranti
409 2760 478 2830 [esta
489 2758 625 2813 dominici
636 2758 694 2812 diei
709 2759 761 2811 isla
773 2762 832 2811 erat
843 2756 1017 2819 rerisueludo,
1042 2763 1071 2810 nt

249 2832 361 2886 eculeus
376 2831 459 2885 lector
473 2846 532 2884 cum
543 2828 612 2882 libro
626 2845 678 2883 nou
699 2836 778 2882 urrteu
793 2830 882 2895 tepere
896 2832 1072 2898 praescideret

268 2919 330 2957 uam
341 2907 451 2956 sanctus
463 2901 662 2969 nutrijussisset.
679 2900 795 2955 Furtum
809 2907 897 2952 aulem
910 2907 947 2952 est
971 2906 1001 2952 ut
1021 2898 1073 2951 illa

250 2921 579 3043 ilomtutca,proptum·a
594 2970 705 3023 lectione
728 2972 788 3041 jum
819 2973 896 3031 tectu,
921 2977 983 3023 urite
1003 2969 1071 3023 rilla-

249 3061 326 3099 rcum
340 3052 427 3097 stante
438 3044 484 3113 qui
500 3044 638 3097 lectionem
652 3041 722 3094 beate
736 3040 819 3095 Pauli
834 3041 981 3112 proferret,
1010 3045 1066 3094 etc.

250 3118 283 3170 Et
296 3115 381 3186 paulo
395 3120 458 3184 post
473 3131 482 3176 ;
496 3113 694 3166 limitaverunt
710 3112 838 3171 direntes,
853 3114 911 3178 jam
924 3111 990 3165 bora
1001 3127 1072 3182 prrae·

249 3190 336 3249 terni,
346 3184 440 3256 jubeat
457 3185 583 3238 Dominus
598 3184 696 3237 lectori
711 3184 845 3237 lectionem
857 3183 953 3252 lepore.

284 3258 348 3313 963.
363 3256 407 3309 Ad
418 3256 571 3310 reanimati.
588 3255 668 3324 lege.
679 3255 724 3308 Ad
738 3254 927 3309 nuntiandum.

285 3328 347 3384 aut.
370 3327 464 3382 ilario
492 3325 661 3395 blapdateuc.
693 3324 740 3379 liic
778 3341 840 3379 mos
867 3323 951 3378 bodie
979 3340 1072 3393 perse-

247 3404 339 3466 verat,
361 3403 391 3452 ut
417 3397 509 3469 primo
535 3396 580 3451 die
607 3395 723 3450 easehoe
749 3394 860 3466 legatur
886 3395 1071 3465 Evangelium

248 3472 404 3527 secundum
429 3471 553 3523 Marcum
571 3483 577 3529 ;
595 3467 664 3520 olim
692 3470 800 3533 tamen,
823 3466 851 3521 id
878 3470 921 3520 est
944 3470 1072 3535 tempore

247 3540 339 3597 sancti
353 3540 512 3611 angustini,
525 3538 628 3593 saltem
643 3537 671 3592 in
687 3538 789 3601 alrica,
814 3537 906 3608 primo
932 3536 978 3591 die
995 3538 1068 3608 lege-

248 3615 332 3669 batur
347 3610 547 3682 Evangelicum
558 3610 715 3663 secuudum
730 3608 906 3673 llattbaeum,
923 3609 1014 3663 altero
1029 3624 1072 3663 se·

248 3686 372 3739 eundum
389 3683 527 3743 limeum,
537 3685 621 3735 tertio
636 3680 792 3734 secundum
803 3679 943 3733 Joarmem
957 3685 1071 3741 ;ettota

176 3768 183 3777 ’
248 3754 300 3812 illo
314 3760 425 3817 octava,
442 3758 472 3806 ut
492 3750 581 3807 etiarn
608 3750 691 3805 hodie
714 3750 753 3809 ur.
778 3749 946 3805 resurrectio
973 3766 1071 3805 secun-

249 3829 318 3881 dum
342 3840 442 3879 ornnes
471 3821 665 3892 Evangelistas
694 3820 875 3875 recitabatur.
892 3822 922 3876 ld
949 3824 1072 3876 testatur

248 3901 364 3953 sanetus
393 3894 575 3965 Augustinus,
591 3909 677 3948 serm.
708 3893 769 3955 itt,
795 3893 830 3946 de
850 3892 1006 3961 Tempore:
1027 3894 1070 3947 lle-

144 3982 150 3999 '
248 3969 385 4024 sterrertio
401 3966 511 4025 Domini
524 3964 611 4018 riustri
620 3966 683 4017 -lesu
694 3964 808 4026 Cbrr'sli,
823 3971 845 4017 rt
861 3963 939 4017 bodie
955 3964 1071 4018 recitata

249 4048 298 4104 est,
312 4038 503 4093 scolcaturo
519 4036 590 4089 libro
612 4035 766 4105 Euarrpelit,
787 4036 836 4104 qrri
857 4041 896 4087 rsl
923 4037 1070 4089 sepiendum

247 4108 553 4168 balaenaceam
579 4108 648 4162 terta
672 4113 710 4159 est
733 4105 878 4159 secuudum
899 4105 1068 4170 Modicum,

249 4184 377 4239 besterna
402 4187 493 4233 autern
519 4178 562 4230 die
589 4176 735 4231 serruudum
762 4178 895 4240 Marcum,
926 4176 1004 4232 bodie
1032 4194 1071 4231 se·

1125 2188 1204 2242 ditur
1219 2187 1330 2258 fratrem,
1355 2184 1425 2256 quael
1439 2203 1484 2249 roo
1495 2193 1641 2256 propterea
1655 2204 1711 2241 esse
1734 2187 1854 2243 arbitror
1879 2190 1937 2260 qrtod

1126 2275 1212 2327 neque
1226 2257 1333 2311 tenereris
1352 2257 1412 2310 ulta
1427 2257 1488 2309 illic
1501 2259 1613 2327 sumpsit
1628 2258 1786 2321 exordium,
1802 2267 1826 2312 et
1838 2277 1888 2313 mos
1904 2260 1935 2313 ibr

1125 2337 1254 2383 serentur
1268 2327 1406 2397 antiquus,
1418 2344 1459 2381 eos
1481 2330 1528 2397 qui
1540 2331 1660 2397 gratiam
1674 2329 1844 2399 baptismatis
1862 2346 1936 2387 susce·

1124 2402 1206 2471 ptari
1216 2405 1291 2461 sarit,
1305 2399 1419 2469 publice,
1443 2398 1472 2451 id
1495 2407 1532 2452 est
1558 2399 1678 2469 fidelium
1701 2401 1797 2470 poputo
1823 2402 1936 2456 bulliente

1126 2470 1278 2536 Sunrbolmu
1294 2470 1417 2525 reddere.
1436 2471 1498 2524 Nou
1512 2470 1587 2524 enim
1603 2470 1641 2524 ibi
1669 2472 1767 2541 agitur
1789 2473 1822 2527 de
1849 2474 1935 2527 recila-

1126 2543 1204 2597 tione
1218 2546 1236 2596 S
1259 2540 1347 2595 ruboli
1365 2540 1393 2594 in
1411 2540 1507 2603 blissa,
1522 2543 1572 2596 sed
1583 2542 1616 2596 de
1628 2543 1798 2598 recitatione
1822 2544 1933 2599 Srnrboli

1126 2558 1368 2668 acateciiumenis
1391 2612 1525 2667 audiente
1541 2613 1653 2683 populo.
1679 2612 1730 2668 ribi
1753 2619 1782 2669 et
1809 2601 1933 2669 ra'tioucm
2004 2628 2005 2633 ¹

1126 2684 1230 2747 reddit,
1252 2700 1341 2752 quare
1371 2684 1495 2739 Ecclesia
1513 2684 1644 2738 Romana
1673 2685 1811 2755 Symbola
1836 2691 1935 2757 aposto·
2004 2714 2005 2733 r

1127 2754 1219 2809 lorum
1237 2753 1307 2808 nibil
1322 2753 1471 2808 addiderit.
1486 2755 1679 2809 tlonbrmalur
1691 2762 1791 2810 nostra
1808 2756 1933 2811 scatentia
2004 2754 2005 2815 ἲ

1128 2844 1161 2881 en
1175 2825 1335 2883 (lodicibus,
1361 2830 1390 2879 et
1411 2826 1575 2881 auctoribus
1605 2826 1687 2879 initio
1717 2826 1818 2892 citatis,
1846 2833 1871 2881 et
1905 2844 1933 2882 ex

1127 2898 1236 2951 duobus
1247 2895 1546 2951 Ordinibusllomanrs
1557 2900 1633 2966 apud
1647 2896 1831 2969 llillorpium‚
1845 2916 1902 2953 nem
1921 2914 1933 2952 e

1128 2968 1157 3023 in
1173 2968 1256 3023 tertio
1273 2984 1279 3022 1
1295 2968 1388 3021 b'iuito
1408 2968 1558 3037 anrrpelro
1580 2968 1645 3022 dreit
1663 2971 1792 3039 pontisas
1812 2972 1868 3025 Par
1883 2916 1931 3029 tiit,

1131 3041 1260 3093 ilenriuus
1271 3040 1413 3101 vobiscum,
1429 3045 1452 3092 ct
1467 3054 1525 3093 curu
1540 3039 1649 3108 Spiritu
1661 3047 1719 3094 tuo.
1737 3044 1769 3096 lit
1785 3041 1812 3095 in
1823 3046 1931 3111 quarto:

1127 3111 1268 3181 Postquam
1289 3109 1397 3179 linitum
1418 3109 1503 3180 suerit
1525 3110 1714 3180 Epirupelium
1742 3113 1808 3167 dicit
1829 3112 1933 3181 pactiles

1127 3181 1187 3236 Pac
1201 3182 1266 3241 tibi.
1296 3180 1430 3234 Dominus
1454 3180 1884 3254 uobiscum,sequiturrerpousio.
1902 3182 1932 3235 Et

1126 3270 1185 3308 curu
1207 3252 1225 3307 S
1246 3254 1315 3305 irrtu
1331 3254 1433 3305 tuodt
1446 3251 1473 3306 in
1501 3254 1626 3306 secundo
1646 3254 1755 3308 Ordine
1778 3255 1848 3325 apud
1865 3269 1931 3309 euru·

1127 3325 1204 3389 decu,
1220 3269 1323 3378 <ficitur
1338 3327 1451 3402 tantum
1467 3320 1634 3394 Symbolum
1650 3341 1718 3378 cum
1742 3325 1862 3397 pontifex
1883 3339 1929 3377 nou

1127 3396 1187 3449 rull
1200 3393 1375 3449 concionari.
1390 3394 1483 3458 Quare
1510 3410 1567 3449 non
1587 3395 1766 3451 audiendum
1792 3412 1850 3451 esse
1873 3399 1928 3464 puto

1126 3465 1313 3527 Waliridum,
1334 3463 1392 3534 qui.
1405 3481 1467 3546 cap.
1493 3467 1538 3527 tt,
1557 3466 1593 3521 de
1616 3467 1711 3521 nctus
1739 3465 1927 3525 ecclesiasticis,

1126 3537 1223 3592 scribit
1234 3553 1315 3591 usum
1326 3537 1447 3590 canendi
1457 3537 1584 3607 Symboli
1592 3537 1891 3608 Constantinopolitaui
1905 3535 1928 3589 iu

1125 3608 1209 3662 blissa
1231 3610 1361 3663 ltornana
1376 3624 1392 3661 a
1408 3608 1512 3662 Grrecis
1531 3624 1675 3663 manasse.
1699 3609 1811 3679 tlrspaoi
1830 3608 1927 3662 illudio
2003 3620 2004 3663 1

1127 3679 1213 3733 blissa
1238 3683 1356 3733 eantare
1384 3683 1532 3748 crepomnt
1551 3679 1578 3734 in
1600 3677 1723 3734 concilio
1742 3681 1870 3736 Toletano
1892 3692 1926 3741 ur,
2003 3682 2004 3687 ’

1126 3766 1190 3806 can.
1205 3752 1232 3811 2,
1248 3750 1276 3804 in
1304 3750 1423 3803 decretis
1436 3750 1557 3813 concilii,
1583 3752 1635 3805 sub
1651 3750 1797 3806 necarem
1824 3764 1891 3821 rege,
1904 3747 1927 3801 in

1125 3838 1181 3893 quo
1190 3820 1273 3874 Gothi
1287 3819 1419 3874 heresim
1435 3822 1573 3875 Arianam
1586 3823 1749 3892 ejurarent.
2003 3868 2004 3879 .

1160 3892 1222 3946 uod.
1246 3894 1365 3946 Oramus.
1390 3892 1462 3945 Tunc
1486 3893 1604 3963 incipiat
1619 3893 1806 3962 Offertorinm.
1833 3891 1875 3946 llic
1893 3889 1928 3944 in·
2003 3908 2004 3929 i

1125 3963 1197 4016 vitat
1212 3963 1344 4019 Pontilax
1359 3963 1493 4031 populum
1524 3966 1559 4017 ad
1583 3965 1762 4031 Orationem,
1777 3964 1821 4034 qui
1845 3969 1928 4016 lauren
2003 3974 2004 4019 ἦ

1125 4051 1182 4088 non
1197 4033 1265 4088 dicit
1279 4033 1457 4097 Orationem,
1470 4035 1545 4103 quod
1565 4039 1647 4089 notat
1667 4036 1802 4091 Alcuiuus
1827 4034 1873 4088 lib.
1898 4032 1926 4084 de

1125 4104 1206 4159 Otbc.
1232 4105 1311 4168 eccl,
1332 4120 1394 4173 cap.
1422 4105 1456 4159 de
1480 4106 1679 4161 Celebratione
1715 4107 1804 4161 llissie
1825 4123 1831 4160 :
1854 4104 1886 4159 dr
1903 4102 1926 4154 ir

1124 4176 1190 4230 uitat
1207 4176 1286 4229 illum
1301 4192 1390 4230 serum
1406 4177 1515 4239 puriter
1533 4177 1572 4231 ud
1586 4177 1743 4232 Orationem
1756 4178 1842 4231 diceus
1865 4175 1926 4229 Ore·

248 4253 365 4309 cundum
396 4251 513 4305 Lucam.
544 4248 587 4301 Sic
616 4247 692 4301 babet
717 4247 784 4300 ordo
823 4247 1067 4316 evangelistarum,
1123 4264 1192 4301 tuus.
1208 4246 1259 4301 Sed
1275 4246 1422 4316 licetupud
1441 4255 1566 4303 riostnuc
1585 4248 1704 4303 Gollcrta
1724 4254 1793 4303 iuter
1820 4246 1926 4316 Offirm-

248 4320 505 4391 sicutenimpocsio
521 4319 605 4389 ipsius
625 4335 658 4371 cr
682 4316 805 4371 omuibus
824 4319 993 4388 evangelistis
1010 4335 1067 4373 con·
1123 4319 1185 4372 darn
1223 4324 1248 4371 et
1288 4317 1465 4387 Euangelium
1501 4336 1553 4373 uon
1581 4320 1707 4383 dicatur,
1734 4318 1805 4390 opud
1833 4318 1926 4371 brecus

248 4392 457 4464 scriptaest,sic
469 4390 591 4452 dimisti,
604 4396 700 4459 septem
713 4387 926 4443 neloctodnrout
939 4391 1067 4458 spatium,
1087 4398 1217 4484 Dtornea
1232 4388 1346 4442 dicitur.
1363 4388 1391 4442 ld
1417 4389 1492 4458 quod
1520 4389 1589 4444 dicit
1613 4389 1749 4445 alcuinus
1777 4391 1811 4444 de
1834 4383 1925 4467 Grecis

248 4472 280 4521 ut
294 4463 443 4520 secuudum
456 4477 544 4515 omnes
558 4460 735 4528 evangelistas
745 4462 909 4514 resurrectio
927 4463 1066 4516 recitetur.
1123 4460 1236 4514 ridetur
1250 4459 1278 4513 in
1298 4458 1412 4530 liturgia
1431 4461 1522 4515 sancti
1544 4461 1663 4516 loannis
1689 4462 1924 4532 Chrysoslomr,1u

285 4536 350 4591 965.
388 4535 426 4588 Et
451 4547 540 4586 omues
570 4538 628 4601 post
660 4531 751 4585 illum.
790 4530 890 4585 Clerici
923 4531 1064 4587 videlicet.
1144 4529 1924 4604 usinterOllerendametlirangeliumdieuntnrpluret

249 4608 324 4664 Nola
339 4606 393 4661 hoc
408 4604 470 4658 loco
484 4602 595 4657 nultum
610 4601 720 4656 cantari
732 4602 912 4672 Symbolum,
937 4603 1018 4674 cujus
1040 4602 1069 4656 in
1123 4549 1275 4657 Sestianas
1288 4618 1304 4656 a
1315 4601 1458 4671 pontifice.

250 4677 356 4734 uostris
389 4672 637 4737 sacramentariis
667 4678 727 4726 lam
749 4672 839 4733 erlitis.
866 4690 951 4743 quam
983 4690 1069 4739 mss..
1160 4675 1223 4726 aut.
1248 4672 1338 4727 Eerro
1366 4675 1490 4728 tremuit.
1518 4673 1592 4729 Olim
1617 4673 1878 4731 anteOblationcm
1898 4669 1921 4724 in

251 4748 329 4805 nulla
352 4748 384 4802 nt
401 4746 520 4810 mentio,
546 4742 740 4814 nequeetiam
767 4743 795 4797 iu
827 4745 930 4799 Ordine
950 4744 1071 4811 Tillima,
1126 4744 1221 4799 Africa
1236 4744 1393 4799 canebatur
1414 4745 1660 4818 l'salmus,·quod
1687 4747 1793 4817 incaepit
1822 4742 1923 4799 Cartba-

251 4820 498 4892 quemadmodum
526 4832 578 4871 uec
598 4818 672 4884 apud
699 4815 861 4875 Alcuinum,
883 4816 1070 4880 amalarium,
1146 4815 1192 4870 ine
1220 4820 1348 4885 tempore
1378 4816 1469 4870 sancti
1497 4818 1656 4888 Augustini,
1683 4823 1712 4872 ul
1739 4819 1795 4889 ipse
1821 4816 1923 4870 testatur

252 4894 414 4949 [tabanum.
431 4888 479 4960 qui
495 4887 640 4942 enucleate
662 4886 696 4939 de
709 4886 810 4939 ordine
838 4886 927 4939 blissre
956 4887 1073 4956 scripse·
1126 4833 1176 4941 iib.
1201 4903 1220 4941 n
1249 4887 1503 4951 detractationem,
1530 4905 1591 4959 cap.
1621 4891 1649 4943 tl
1669 4906 1675 4943 :
1695 4888 1852 4958 litaremqui
1872 4890 1923 4937 lnru

253 4965 331 5028 runt,
347 4977 436 5031 neque
459 4960 547 5014 etiam
571 4958 647 5027 apud
675 4957 830 5027 ltemigium
848 4956 1074 5013 antissiodoren·
1128 4957 1274 5027 esscupud
1293 4958 1489 5025 Cartbapiurm
1514 4966 1639 5030 coeperat,
1667 4969 1696 5015 ut
1725 4960 1820 5030 buruni
1840 4954 1871 5008 nd
1892 4951 1924 5005 ul·

254 5030 538 5099 sem3siceuimail
556 5046 621 5098 cap.
649 5028 931 5091 t,oecctebrauonc
956 5029 1072 5083 llissre:
1128 5028 1357 5084 trredicerentur
1375 5030 1406 5083 dc
1428 5031 1594 5086 l'sulmorum
1614 5033 1753 5087 librosire
1779 5037 1836 5085 aute
1861 5023 1925 5080 Obla·
2002 5062 2003 5067 κ

253 5105 317 5160 Post
330 5105 478 5158 recitatum
489 5100 662 5170 Evangelium
679 5101 777 5153 iterum
798 5100 921 5153 sacerdos
947 5104 1074 5170 paruulum
1130 5104 1240 5163 tionem,
1256 5106 1309 5153 ele.

253 5171 1074 5243 salutat.Tuitquidemilliususus562iulleclesiisanti·
1165 5172 1227 5226 968.
1257 5172 1400 5226 O-ilutr'oac
1425 5180 1539 5242 recepta.
1566 5176 1658 5238 Onam
1678 5191 1728 5245 pro
1747 5173 1787 5228 sui
1815 5179 1923 5226 commu·
2002 5211 2003 5235 ¹

179 5244 183 5249 ’
255 5263 378 5320 quorum
393 5246 568 5308 Graecorum,
582 5246 611 5297 ut
626 5247 782 5297 consistes
806 5248 905 5297 sancto
931 5242 1074 5313 Dionysio,
1131 5242 1652 5301 nioneeslconsecraturussacerdos.
2002 5296 2003 5299 ,

254 5314 554 5391 cap.3llierarcl1iaa
587 5312 795 5373 ecclesiastieae.
826 5330 890 5368 cum
929 5314 1075 5382 protereus
1170 5313 1333 5385 563969.
1354 5316 1425 5369 Cum
1449 5318 1523 5369 orum
1545 5318 1724 5371 Processiouc.
1753 5316 1924 5389 {desitum
2002 5326 2003 5383 t

255 5392 381 5446 diversas
413 5386 562 5457 opiniones
588 5384 827 5454 cireabymnurn.
861 5384 907 5454 qui
939 5384 967 5439 in
989 5384 1076 5439 sacris
1133 5384 1924 5509 presbyteria'diaeonisl,subdiaconisetcaelensclericis,
2002 5396 2003 5423 i

1132 5455 1179 5527 qui
1194 5460 1223 5509 et
1241 5456 1416 5511 assistentia
1433 5457 1527 5512 atari.

255 5460 399 5534 mysteriis
426 5462 568 5521 cantatur,
597 5455 637 5510 sic
664 5454 794 5510 aitttbl
818 5455 895 5526 ὕμνον
919 5451 948 5506 bt
975 5464 1076 5520 roaros,
1168 5526 1221 5580 970
1242 5527 1270 5582 Μ
1315 5528 1319 5537 1
1388 5529 1418 5582 ω
1465 5532 1477 5582 t
1522 5528 1548 5584 h.
1587 5529 1617 5585 [h

1225 5569 1230 5579 .
1273 5544 1374 5583 anuas.
1434 5544 1584 5591 es,crro
1619 5547 1692 5587 ecus.

257 5537 281 5587 oi
312 5538 336 5585 'rr
346 5529 500 5604 ὁμολογίαν
512 5526 646 5581 abinoen·
663 5528 687 5578 oi
699 5522 729 5579 di
742 5529 770 5578 τὸ
786 5531 925 5599 spueretur
939 5524 1077 5597 obpbolou,
1854 5591 1860 5604 .

263 5554 339 5667 ’tici
369 5605 404 5663 ὡς
428 5599 512 5673 οἶμαι,
542 5600 678 5670 θειότερον.
709 5596 1076 5678 Ιεραρχικὴν.ιύχαριστίαν,
1169 5598 1231 5678 liii.
1261 5598 1393 5670 Lauelqtui
1429 5616 1534 5657 manus.
1560 5600 1736 5658 Lectionibus
1765 5598 1873 5670 perutili
1895 5588 1926 5670 ,ei

258 5674 351 5737 idest,
367 5673 553 5726 truncantem
574 5668 715 5739 hymnum
731 5666 788 5747 ‚⁹¹⁵¹
808 5667 900 5722 laudis
917 5668 1079 5749 'canticum
1135 5669 1279 5724 oblatione
1294 5669 1379 5737 iacta,
1397 5669 1523 5727 iacturas
1538 5673 1667 5743 pontifex
1680 5670 1773 5727 divina
1799 5669 1924 5738 myrtum,

260 5744 309 5811 alii
329 5742 476 5817 religionis
498 5738 677 5815 Symbolum,
700 5740 760 5807 ain,
787 5754 853 5794 mea
875 5739 992 5811 quidem
1018 5755 1079 5796 sen·
1134 5739 1212 5798 lavat
1222 5757 1325 5798 manus
1335 5758 1370 5799 ex
1384 5741 1501 5816 antiquo
1513 5760 1604 5811 more,
1616 5759 1700 5821 quem
1713 5742 1803 5799 ridere
1813 5738 1854 5794 est
1864 5726 1926 5811 apud

1800 5958 2002 6149 ab
