4136 6180
137 248 198 310 888

524 246 563 307 ΙΝ
583 247 746 310 nantuato
766 244 951 311 ROMANUM
972 247 1259 310 COMMENTARIUS
1279 245 1472 309 PRAEVIUS.·

1790 251 1849 315 888

135 378 317 437 multitudini
328 377 447 450 fidelium
463 381 492 435 in
504 381 613 436 ecelesia
623 380 814 446 divideretur;
828 380 902 452 leupo
914 398 961 452 pe·
978 383 1002 444 Α
1018 380 1119 446 menti,
1133 379 1197 434 inde
1213 383 1323 450 partem
1335 378 1482 451 sanguinis
1499 394 1532 434 ex
1547 376 1635 436 calice
1652 396 1718 437 cum
1733 382 1847 440 aalairm

135 452 283 509 riculoeins
295 454 322 506 si
332 451 477 532 insinuatis
485 470 535 533 per
547 453 705 523 parochiam
719 452 884 525 deferretur.
896 454 961 508 lam

136 528 205 581 tuuc
219 540 286 594 crgo
298 521 362 576 laici
379 524 429 577 sub
443 540 526 579 unica
542 523 634 594 speeie
644 523 857 579 cenomanicam
867 541 964 595 cmpe-

134 600 213 661 rant,
229 598 300 651 teste
315 593 406 658 Pullo,
424 595 470 665 qui
495 594 646 650 intinctam
672 594 733 650 dari
753 594 961 651 Eucharistiam
982 613 987 625 ¹

132 662 282 749 improbat
295 681 301 732 ;
319 664 421 736 prabet
433 683 497 720 vern
507 667 533 720 si
546 667 591 721 cni
612 665 738 737 pervalde
751 667 889 738 inperante
901 685 962 723 aare·

131 755 196 811 puis
213 737 382 809 infunditur,
399 742 428 792 nt
442 737 729 808 iaeilineinsnnratnr.
747 738 778 792 ln
790 738 961 809 quibusdam

133 815 235 867 tamen
250 808 318 864 locis
333 807 637 879 diutiuspersererurit
648 810 813 864 communia
828 811 880 865 aab
890 814 962 866 utra·

133 898 191 963 que
205 881 307 952 specie,
323 896 388 950 qnae
400 879 479 935 nullo
491 880 625 952 peculiari
649 880 773 946 decreta,
790 881 840 938 sed
863 881 962 953 paula·

132 956 188 1008 tim
209 969 243 1007 ac
256 951 372 1015 senam,
390 950 528 1022 abrogata
542 956 593 1008 est.

168 1024 233 1079 Non
251 1040 317 1088 una,
333 1023 383 1077 sed
396 1022 489 1092 plures
517 1023 604 1081 simul
619 1040 711 1081 causa
728 1022 793 1081 huic
809 1023 961 1079 mutationi

131 1095 314 1151 occasionem
342 1094 533 1164 praebuerunt,
558 1094 637 1150 nullo
666 1094 796 1151 Ecclesiae
823 1095 960 1151 universae

130 1168 248 1223 decreto
271 1170 424 1237 preeunte.
446 1167 526 1223 Unde
548 1169 677 1236 tempore
718 1166 810 1221 sancti
833 1166 956 1234 Thomas,

129 1239 192 1294 ima
204 1242 233 1293 et
247 1236 397 1298 Paludani,
413 1237 547 1306 quadam
570 1237 713 1301 Ecclesia,
736 1238 825 1293 etiam
838 1238 956 1302 Latinae,

127 1314 257 1366 veterem
272 1324 354 1364 usum
369 1306 531 1364 servabant.
548 1308 706 1365 Periculum
720 1309 878 1377 effusionis,
890 1327 959 1381 pro-

128 1378 233 1437 hibitio
248 1378 436 1445 intinctionis,
451 1379 583 1451 exemplu
600 1380 811 1435 communionis
831 1381 959 1436 infirmo·

1017 468 1114 509 aurco.
1127 453 1222 506 Caesar
1234 450 1321 506 etalii
1337 450 1477 522 principes
1499 452 1655 521 ,volitarunt
1684 456 1847 512 cammuni-

1017 539 1100 578 care:
1116 522 1244 593 pontifex
1259 523 1380 578 alteram
1395 528 1506 606 partem
1518 525 1691 580 sacramenti
1707 525 1802 598 tregit,
1818 530 1848 584 et

1017 611 1106 649 uuam
1117 593 1258 651 cardinali
1270 593 1349 658 Ciba,
1363 595 1451 650 aliam
1467 595 1642 653 subdiacano
1659 597 1747 662 dedit,
1766 615 1847 654 oscu-

1016 664 1077 722 lata
1092 682 1180 723 aranu
1191 669 1219 722 et
1232 664 1302 722 facie
1317 681 1399 737 papea
1421 665 1507 738 prius.
1525 666 1577 732 Oai
1588 664 1654 722 inde
1668 673 1847 725 recesserunt

1017 739 1054 795 ad
1081 734 1183 801 altare,
1217 737 1264 793 ubi
1291 742 1404 807 partem
1428 737 1576 809 sanguinis
1602 738 1721 809 quilibet
1744 757 1844 796 eornm

1016 808 1138 881 sumpsit
1150 826 1216 864 cum
1231 808 1371 879 particula
1381 807 1457 891 intus
1467 808 1572 891 posita,
1585 813 1616 863 ut
1627 810 1713 866 maris
1726 814 1778 866 est.
1792 832 1807 865 n

1052 881 1229 949 Quibusdam
1244 884 1341 935 tamen
1355 880 1550 962 exprirrlegro
1566 885 1752 936 concessaest
1767 898 1845 938 com·
1948 899 1952 905 ·
2061 890 2062 943 ζ

1015 952 1115 1008 munio
1128 953 1180 1010 sub
1195 956 1314 1024 utraque
1325 967 1428 1021 specie,
1444 955 1476 1007 ut
1490 952 1604 1022 regibus
1621 953 1796 1009 Francorum
1812 954 1843 1011 in

1015 1041 1068 1080 sua
1082 1018 1291 1089 coronatione;
1319 1023 1440 1078 diacono
1469 1026 1497 1079 et
1525 1022 1700 1078 subdiacano
1716 1023 1843 1080 ecclesie

1015 1095 1106 1151 sancti
1122 1094 1249 1167 Dionysii
1266 1111 1352 1165 prope
1363 1094 1488 1150 Parisios
1500 1094 1589 1169 [cxiv]
1602 1094 1632 1151 in
1644 1094 1801 1151 Dominicis
1816 1101 1843 1153 et

1014 1165 1113 1222 dicbus
1122 1166 1307 1229 solemnibus,
1317 1170 1345 1221 et
1360 1165 1499 1221 ministris
1516 1165 1617 1222 altaris
1634 1168 1710 1236 apud
1727 1166 1842 1223 Clunia·

1014 1254 1079 1294 curn
1090 1239 1118 1294 in
1132 1237 1251 1365 sinpulis
1267 1236 1547 1293 Dominicisetlestis
1561 1255 1569 1306 ;
1581 1254 1644 1309 quae
1652 1238 1843 1311 praerogativa

1013 1309 1164 1367 aconcilio
1198 1308 1342 1365 ridentino
1355 1309 1476 1381 probata
1489 1313 1541 1367 est.

1011 1416 1047 1473 X.
1067 1417 1151 1474 liitnr
1156 1416 1311 1488 peculiares
1326 1417 1355 1470 iu
1369 1415 1482 1469 Sabbata
1495 1422 1560 1470 onte
1575 1415 1697 1484 Palmae,
1706 1424 1731 1474 et
1743 1418 1840 1490 inipso

127 1469 196 1511 rum
210 1455 239 1507 ct
254 1448 419 1517 infantium,
435 1449 551 1506 haeresis
566 1468 667 1506 eorum
693 1451 741 1523 qui
756 1451 880 1508 alteram
896 1452 957 1508 sine
1256 1485 1399 1543 Domum
1410 1486 1578 1544 pomarum

128 1523 224 1579 altera
238 1522 361 1594 speciem
375 1538 432 1577 nan
455 1521 550 1579 valere
564 1522 736 1593 sentiebant,
764 1523 894 1579 Ecclesiae
909 1541 956 1594 pa·
1582 1528 1589 1541 ‘

127 1592 956 1666 storcspaulatiminduxernutaduninsspecieicommu-
1047 1594 1187 1679 Expositis
1211 1594 1382 1667 quibusdam
1419 1592 1612 1666 singularibus
1647 1596 1838 1662 caeremoniis,

127 1666 248 1723 aionem
259 1664 338 1721 laicis
350 1664 389 1719 im
427 1664 581 1720 rtieudam.
595 1665 724 1721 Urbanus
739 1665 785 1731 Vl,
798 1671 863 1737 post
873 1683 955 1723 suam
1011 1685 1072 1739 quoe
1087 1684 1117 1723 ιιι
1131 1666 1216 1722 Missa
1231 1665 1388 1737 pontificali
1400 1665 1562 1737 generatim
1577 1665 1607 1722 in
1621 1683 1705 1722 usum
1715 1666 1841 1725 olimae-

127 1737 159 1795 iu
173 1736 314 1792 Vaticana
329 1736 388 1791 basi
402 1735 446 1790 ica
468 1735 694 1802 coronationem,
723 1753 810 1792 amires
831 1736 956 1793 diacanos
972 1736 993 1795 B
1010 1739 1139 1803 niebant,
1153 1754 1229 1793 nunc
1244 1736 1292 1792 alii
1307 1738 1379 1793 ritus
1400 1737 1569 1807 singulares,
1595 1737 1643 1810 qni
1670 1739 1755 1794 certis
1770 1741 1839 1796 anni

124 1808 345 1865 cardinaleesun
356 1824 438 1862 marin
446 1808 565 1879 pretioso
576 1822 687 1879 corpore
698 1813 722 1862 et
734 1808 864 1879 snripuine
874 1808 957 1864 Clrri·
1010 1810 1109 1865 diebus
1124 1813 1285 1873 accurrunt,
1310 1808 1406 1879 paucis
1435 1808 1651 1880 praestringendi
1678 1815 1755 1865 sunt.
1770 1811 1839 1867 laci-

124 1882 165 1936 rte'
183 1879 399 1940 communicavit,
416 1879 486 1933 siant
501 1878 532 1933 de
543 1895 615 1934 neore
624 1880 954 1950 inperitorumperititiam
1010 1881 1104 1953 pimus
1116 1897 1133 1935 a
1146 1880 1271 1937 Sabbata
1286 1884 1352 1935 ante
1373 1878 1500 1943 Palmae,
1514 1878 1543 1934 iu
1556 1897 1613 1961 quo
1623 1895 1731 1960 magna
1745 1885 1788 1937 est
1802 1881 1840 1938 ri·

124 1969 233 2023 semper
242 1948 307 2022 fuit,
321 1950 361 2006 uti
373 1948 515 2021 legiturin
527 1949 831 2021 epistoladce,1usdeur
848 1951 955 2007 Urbani
1010 1951 1130 2007 tualium
1156 1950 1295 2005 librarum
1309 1950 1442 2005 varietas.
1465 1952 1531 2005 lloee
1545 1967 1621 2007 circa
1642 1954 1700 2005 tria
1726 1952 1839 2023 potissi·

126 2022 279 2086 electione,
306 2021 498 2147 quavuppmte
513 2025 556 2077 est
582 2021 611 2076 in
636 2020 778 2094 Spicilegii
805 2026 883 2077 tama
907 2023 953 2087 tv,
1010 2019 1837 2095 mumversatm,nempecircastationom,eleemosynam

123 2112 184 2167 pag
202 2094 265 2157 306,
279 2093 355 2165 quad
370 2091 418 2164 qui
439 2110 486 2151 em
507 2091 628 2163 contigit
650 2109 728 2149 anno
757 2093 834 2150 4378.
851 2093 954 2149 Vinum
1010 2092 1344 2166 papametsermentnm.

123 2165 279 2237 nequidem
292 2164 464 2236 presbyteris
478 2163 507 2219 in
533 2181 634 2221 eorum
661 2164 841 2221 ordinatione
864 2164 955 2221 altera
1045 2166 1076 2221 lu
1095 2165 1176 2221 libris
1190 2163 1413 2221 sacramentarii
1440 2162 1617 2235 Gregoriani,
1632 2180 1703 2236 quas
1719 2163 1837 2220 Amala-

122 2237 234 2308 species
249 2252 265 2291 a
276 2235 408 2317 pontifice
432 2235 563 2291 Romana
584 2235 788 2292 conceditnrin
803 2236 954 2295 Ordinario
1007 2236 1067 2293 rins
1079 2253 1130 2293 suo
1146 2240 1275 2308 ternpore
1290 2235 1369 2300 vidit,
1397 2234 1479 2291 nulla
1499 2235 1584 2291 statio
1608 2235 1780 2307 assignatur,
1804 2241 1837 2293 ut

121 2306 225 2364 lucebi
240 2305 380 2372 Genetaei,
396 2305 444 2376 qui
456 2307 558 2362 sucula
578 2306 663 2363 tertio
679 2306 789 2363 decima
805 2307 953 2364 desinente
1028 2313 1087 2364 atet
1101 2324 1135 2364 ex
1148 2306 1286 2363 Ollinialis
1300 2306 1346 2361 lib.
1363 2324 1380 2375 1,
1392 2323 1454 2377 cap,
1474 2308 1501 2369 9,
1518 2306 1566 2362 ubi
1579 2307 1614 2362 de
1624 2307 1750 2363 Sabbata
1769 2310 1836 2365 ante

122 2382 153 2437 et
168 2386 272 2450 quarta
287 2377 398 2432 decimo
412 2377 528 2433 ineunte
543 2378 651 2435 llaruit.
680 2378 753 2435 Solle
776 2378 805 2432 id
820 2379 953 2435 tribuitur
1007 2326 1124 2435 Uelinus
1134 2378 1353 2449 haecleguntur:
1365 2376 1563 2433 Pratitulntnr
1574 2379 1836 2434 inSaoromentario

123 2448 276 2521 episcopis,
289 2447 337 2519 qui
357 2465 451 2520 genna
466 2465 524 2503 nan
550 2449 703 2506 flectebant
718 2450 951 2506 communionem
1006 2457 1099 2506 nostra
1112 2454 1138 2505 et
1156 2450 1186 2505 in
1209 2449 1412 2521 Antipleanario
1425 2465 1433 2503 :
1448 2448 1563 2505 Sabbata
1589 2457 1677 2504 meat.
1703 2449 1836 2507 Dominus
1924 2452 1929 2463 '

122 2524 285 2577 suinentes.
311 2519 376 2575 fleo
393 2524 491 2590 patent
505 2536 539 2575 ex
553 2520 682 2591 ejusdem
696 2520 839 2579 Ordinarii
854 2520 952 2592 capiti·
1003 2540 1078 2594 popa
1091 2521 1281 2602 ebenempnurn
1295 2520 1355 2584 dot,
1378 2518 1460 2591 quasi
1484 2518 1590 2575 diceret
1604 2520 1658 2575 boc
1677 2521 1836 2577 Sabbatum

122 2593 177 2649 bns
189 2592 224 2647 5¹1
238 2598 266 2647 et
279 2591 323 2645 58.
336 2592 472 2646 Attamen
483 2592 535 2645 sub
545 2596 665 2663 utraque
679 2592 771 2664 specie
785 2593 951 2649 communia
1007 2609 1107 2649 vacare
1120 2596 1280 2657 artabano,
1294 2596 1380 2662 atque
1395 2590 1466 2646 adeo
1479 2591 1514 2646 ab
1530 2590 1622 2646 alticio
1630 2592 1756 2663 propria,
1773 2609 1837 2664 prm

121 2664 183 2737 regl
199 2666 228 2719 et
239 2658 405 2733 imperatori
419 2661 599 2735 prebebatur
616 2680 633 2718 a
656 2663 787 2737 pontifice
801 2668 868 2719 aute
895 2662 952 2720 hae-
1005 2669 1105 2737 pterea
1137 2663 1193 2719 und
1209 2662 1303 2735 papai
1325 2679 1356 2717 sa
1371 2661 1417 2717 dic
1431 2667 1627 2733 occuparetur,
1651 2663 1836 2735 eleemosyna

119 2734 210 2791 resim
227 2731 419 2797 Hussitarnm,
439 2750 472 2789 ex
500 2734 631 2807 ejusdem
656 2734 867 2791 Caremonialis
887 2752 950 2807 cap.
1006 2753 1054 2792 ero
1075 2682 1161 2791 ania.
1173 2735 1207 2789 Et
1221 2751 1290 2790 sane
1305 2679 1442 2789 iactenus
1457 2732 1698 2799 blissceoificium,
1711 2734 1835 2805 exeeptis

123 2806 186 2871 107,
203 2808 373 2885 nontamen
397 2804 515 2877 reginae,
532 2822 566 2863 ex
580 2824 642 2877 cap.
671 2806 732 2861 tae.
763 2805 894 2863 Clemens
909 2808 947 2869 tl,
1007 2753 1290 2878 ColieetisEpistale
1312 2803 1518 2877 etEvangelio,
1546 2804 1576 2860 in
1591 2804 1692 2861 eodem
1708 2805 1834 2862 Sabbata

121 2876 267 2934 referente
280 2874 411 2933 Odolrieo
421 2875 573 2935 Raioaldn.
584 2877 688 2932 loanni
697 2876 950 2934 Narmannimduci
1004 2878 1144 2951 repetitur
1158 2895 1192 2933 ex
1208 2876 1280 2934 laria
1294 2881 1375 2932 sexta
1388 2877 1576 2946 precedente,
1589 2877 1665 2947 quad
1689 2875 1717 2930 in
1734 2876 1834 2932 diebus

122 2948 242 3030 ejusque
258 2946 383 3020 conjugi,
400 2947 530 3003 modain
547 2947 679 3018 privatim
694 2948 784 3014 fieret,
804 2948 894 3004 utrius
916 2967 950 3005 ue
1005 2950 1082 3021 quia
1096 2948 1220 3006 statione
1234 2952 1264 3004 et
1277 2947 1372 3004 oflicin
1391 2953 1494 3003 vacant
1518 2946 1579 3002 fieri
1594 2947 1711 3003 solitum
1726 2947 1831 3003 Micro-

120 3019 226 3104 speciei
239 3018 473 3075 communionem
482 3017 612 3084 indulsit,
628 3019 885 3089 utietBurgundiae
896 2968 951 3075 Un-
1005 3020 1087 3092 lngus
1098 3022 1163 3094 jam
1184 3020 1292 3076 dudum
1309 3017 1483 3076 observavit.
1503 3018 1607 3074 Verum
1623 3018 1764 3075 tamenin
1781 3036 1834 3074 na·

120 3108 157 3157 cr,
172 3091 251 3163 quod
264 3088 324 3161 regi
337 3094 365 3147 et
376 3090 484 3217 rapiam
498 3091 675 3147 Francorum
688 3090 788 3146 itidem
805 3108 950 3148 concesse·
965 3092 989 3155 G
1005 3097 1064 3148 etro
1076 3092 1168 3148 indice
1181 3091 1371 3147 Collectnrum
1388 3096 1417 3146 et
1431 3088 1589 3145 stationum
1608 3091 1770 3161 assignatur
1780 3089 1835 3147 hae

120 3166 176 3219 rat.
192 3162 299 3218 Verum
324 3178 390 3217 cum
435 3160 589 3228 rodericus,
606 3161 762 3232 imperator
784 3179 818 3219 en
834 3163 949 3219 nomino
1006 3165 1131 3221 Sabbata
1147 3162 1456 3220 Colleetoadronctnne
1484 3161 1609 3232 Kynon,
1624 3161 1833 3219 statioodenn·

119 3233 222 3293 tertius
249 3231 477 3289 Paulasecundo
497 3231 630 3304 pontifice
655 3232 777 3291 Romam
806 3234 949 3305 prolectas
1004 3236 1258 3291 etnntoennemtn
1305 3232 1641 3291 rtaLotinaConsentit
1666 3249 1833 3291 sacramen-

119 3276 312 3378 esset,itx111]
329 3304 532 3361 eommuriimoit
557 3320 675 3360 sunemne
698 3305 826 3376 pontiden
848 3307 950 3361 altaris
1004 3306 1107 3363 tarium
1122 3305 1260 3362 Editianis
1296 3302 1493 3369 amelianae,in
1508 3303 1832 3375 qua,amieanallectae

117 3381 319 3435 momentum
334 3393 392 3431 curri
409 3378 584 3447 imperatore,
609 3375 720 3432 dinnano
748 3383 772 3430 et
786 3374 950 3432 subdiacono
1003 3377 1160 3441 mentione,
1184 3376 1267 3432 etalio
1289 3375 1325 3430 od
1349 3383 1469 3429 sunctum
1492 3373 1623 3430 loannem
1641 3382 1703 3431 arete
1723 3384 1833 3448 portora
1856 3406 1859 3413 ·

118 3446 155 3507 de
162 3464 234 3520 pane
251 3451 380 3516 teritum,·
394 3444 425 3507 de
439 3446 521 3505 eoliae
535 3455 637 3510 antem,
661 3448 711 3503 etei
738 3447 899 3503 mnsuetudo
912 3448 949 3503 nit
1002 3448 1131 3505 Latinium
1141 3447 1294 3503 indicatur.
1311 3447 1418 3502 Contra
1430 3460 1496 3500 vera
1511 3444 1541 3499 in
1562 3446 1666 3502 Codice
1680 3446 1832 3504 christinae

117 3519 413 3577 communiasalutari
427 3518 555 3591 pontifice
577 3518 758 3591 participare,
780 3526 894 3590 propter
906 3519 949 3575 in·
1003 3519 1118 3590 reginen,
1151 3518 1179 3573 ui
1195 3517 1295 3572 litteris
1310 3515 1477 3586 majusculis
1492 3516 1595 3571 saecula
1618 3521 1719 3572 octava
1734 3535 1831 3573 exaro·

117 3588 600 3661 turpentemtunienilneritnrnnenc
619 3588 777 3646 Boemorum
791 3590 948 3645 inornatum
1003 3594 1114 3655 tuaest,
1161 3589 1303 3645 menerba
1328 3586 1634 3658 legantnrzSabbotum
1654 3587 1690 3642 od
1710 3594 1829 3643 soacinen

117 3658 259 3731 barusim,
275 3676 333 3733 qua
348 3658 439 3717 caliois
457 3661 620 3732 potationem
635 3662 671 3717 od
691 3661 807 3719 salutern
834 3677 948 3717 neman·
1002 3662 1126 3724 Petrum,
1143 3660 1252 3732 quondo
1264 3659 1428 3729 eleemospno
1439 3652 1535 3713 datur.
1551 3658 1604 3715 Ubi
1620 3656 1698 3713 sides
1713 3657 1759 3713 bic
1774 3662 1831 3713 sta-

117 3732 193 3791 rium
206 3738 297 3802 putat,
308 3738 410 3803 preter
418 3732 569 3804 pontificem
585 3730 652 3787 bibit
664 3749 749 3789 reema.
766 3733 830 3789 Uene
844 3732 949 3789 scribe·
1002 3733 1111 3789 tionem
1125 3731 1192 3803 poni
1203 3731 1241 3787 ad
1263 3734 1395 3787 sanctum
1411 3730 1537 3794 Petrum,
1552 3728 1581 3789 in
1600 3728 1663 3784 aliie
1678 3728 1831 3799 superiori·

118 3798 170 3858 bnt
182 3802 263 3861 testis
278 3804 407 3861 oculatus
421 3801 596 3875 Augustinus
607 3803 754 3868 Patricius,
766 3802 901 3859 inliballa
912 3804 948 3860 de
1000 3803 1053 3860 bus
1068 3805 1105 3861 ad
1119 3807 1249 3859 sanetum
1265 3800 1405 3858 loannem
1415 3800 1443 3855 in
1457 3806 1541 3872 porta
1551 3799 1660 3856 Latina.
1671 3801 1830 3872 Utrumque

116 3874 245 3931 aduentu
258 3873 439 3946 imperatoris
452 3873 482 3930 in
498 3870 613 3941 Urbem,
625 3891 711 3947 quem
723 3874 754 3931 in
770 3875 855 3933 blanci
867 3880 946 3932 tomo
1001 3876 1087 3932 simol
1109 3874 1290 3947 componitur
1315 3872 1344 3930 in
1368 3871 1472 3931 Codice
1490 3871 1627 3928 Vaticano
1644 3870 1782 3929 :Sabbata
1794 3872 1830 3928 ad

115 3944 216 4018 primo
231 3944 391 4001 retulimus.
1000 3954 1125 4005 sanctum
1141 3949 1268 4011 Petroni,
1284 3944 1391 4016 quanda
1419 3943 1582 4015 eleemosyna
1600 3940 1698 4000 datur.
1714 3943 1832 4000 Callida

155 4017 218 4082 Quo
233 4015 288 4072 ritu
300 4011 510 4089 Caroloquinto
524 4015 692 4088 imperatori
704 4017 949 4089 communiopau·
1000 4018 1036 4073 ad
1048 4023 1169 4073 serratum
1193 4018 1317 4088 ductum,
1339 4017 1420 4072 statio
1443 4015 1478 4070 od
1500 4021 1623 4070 sunctum
1637 4014 1774 4071 loannem
1796 4015 1830 4071 in

115 4086 147 4142 lo
160 4091 228 4143 ante
241 4088 304 4160 ejus
316 4086 529 4146 coronationem
543 4105 560 4144 a
580 4087 727 4145 Clemente
742 4090 864 4160 septimo
877 4090 946 4144 data
997 4097 1078 4160 parta
1091 4089 1207 4144 Latino.
1225 4091 1259 4143 nt
1271 4087 1299 4143 in
1313 4086 1468 4158 Capitulari
1488 4085 1674 4157 epistolarum
1696 4089 1725 4142 et
1737 4088 1829 4142 Evan-

116 4156 210 4223 sit,ex
228 4158 320 4214 diaria
339 4158 476 4215 Pariosde
495 4158 614 4223 Crassis,
634 4158 945 4232 quituncceremnniu-
999 4158 1151 4231 galiorum,
1168 4160 1244 4230 quod
1257 4158 1385 4215 eruditus
1399 4160 1524 4213 loannes
1535 4158 1641 4213 Fronto
1655 4158 1708 4213 eub
1721 4158 1829 4214 Kalen·

114 4245 184 4285 rum
199 4228 424 4311 magistercrat,
441 4229 616 4286 reterrenan
626 4230 826 4357 privabimur.
842 4231 945 4286 lnNa-
1000 4232 1079 4287 dorii
1098 4227 1310 4286 llamorrititula
1336 4228 1463 4301 vulgavit
1486 4228 1545 4284 alia
1574 4226 1829 4287 occurritdirarsi-

114 4298 171 4355 tali
184 4299 310 4365 Domini,
325 4302 491 4365 annall'iPU,
509 4300 612 4357 edicta
652 4319 719 4373 poue
735 4300 830 4357 betto
846 4300 943 4367 Missa,
1000 4301 1241 4359 taseademdie:
1260 4301 1335 4371 [uxr]
1361 4298 1473 4356 Sabbata
1491 4299 1578 4355 datur
1599 4299 1761 4369 fermentum
1795 4300 1828 4356 in

114 4370 274 4439 cardinalis
301 4372 452 4429 Parnasius
491 4372 628 4429 assistens
670 4388 734 4428 acce
758 4368 780 4427 it
805 4388 945 4443 paeema
999 4370 1364 4430 consistorioboteronenri.
1385 4373 1561 4429 Undetaata
1576 4369 1722 4427 varietas?

114 4458 204 4525 pape.
221 4442 392 4499 distribuens
407 4442 482 4507 aliis,
496 4389 811 4515 osculatopriusaitari,
827 4448 855 4499 et
869 4460 944 4516 papa
961 4454 984 4517 [ι
1036 4447 1118 4501 Parte
1142 4443 1270 4513 Gregorii
1298 4450 1427 4514 ternpore
1452 4459 1511 4498 nan
1525 4442 1612 4501 fiebat
1634 4442 1684 4497 illa
1705 4440 1828 4497 eleemo-

114 4530 181 4586 rpso
196 4512 225 4569 in
238 4512 391 4574 facientia
403 4518 528 4585 pectore,
544 4516 604 4569 tum
627 4530 742 4571 casare.
761 4515 862 4579 Quem,
878 4532 942 4570 cum
999 4532 1071 4588 syna
1081 4516 1118 4571 ad
1132 4514 1392 4573 sanctumPetrnm
1408 4531 1416 4581 3
1432 4518 1516 4583 utque
1531 4515 1603 4569 aden
1617 4512 1702 4573 stolia
1712 4514 1750 4569 ad
1763 4528 1828 4569 sen·

115 4580 205 4643 vellet
227 4584 350 4641 oseulari
371 4580 462 4641 altare
485 4576 523 4641 ad
542 4583 704 4643 suasionem
730 4586 866 4651 sacristae,
891 4603 944 4658 ego
999 4592 1077 4645 ctum
1092 4589 1235 4643 loannem
1263 4585 1293 4640 in
1308 4591 1390 4656 porta
1403 4584 1506 4639 Latina
1530 4584 1591 4641 fieri
1607 4588 1729 4654 poterat.
1746 4585 1827 4650 Quod

116 4670 251 4726 expresse
266 4655 370 4727 linquit
384 4654 476 4727 Paris)
485 4654 633 4782 prohibui,
647 4656 815 4782 ,puianaque
832 4658 942 4724 amsani,
998 4659 1113 4730 quidem
1130 4657 1195 4714 inde
1212 4658 1333 4728 probare
1347 4672 1429 4726 posse
1442 4655 1564 4722 videtur,
1579 4657 1656 4725 quad
1674 4654 1828 4711 Zacharias

116 4742 212 4798 nequa
240 4725 406 4783 diaconibus
435 4744 483 4783 ear
506 4726 626 4783 inalibus
665 4726 720 4783 ieet
747 4728 870 4784 osculari
893 4728 944 4785 tali
998 4746 1074 4813 papa
1088 4730 1189 4786 statuit
1214 4734 1245 4784 ut
1258 4726 1362 4783 crebris
1382 4726 1473 4783 diebus
1488 4727 1680 4785 alienatorum
1692 4734 1825 4796 sumptos,

115 4814 186 4854 anon
199 4794 301 4866 altaro,
315 4800 366 4855 sed
381 4797 475 4854 solum
494 4797 632 4870 episcopis
656 4802 684 4855 et
698 4799 870 4871 presbyteris
883 4816 944 4855 ean·
998 4818 1045 4872 que
1060 4808 1084 4858 et
1100 4800 1260 4872 eleemosyna
1273 4815 1354 4869 neque
1366 4810 1440 4853 nnnc
1453 4796 1614 4868 appellatur,
1629 4798 1664 4853 da
1677 4797 1828 4857 venerabili

115 4867 271 4927 dinalibus.
286 4869 335 4925 llis
350 4870 389 4925 sic
404 4869 536 4943 peractis,
564 4869 702 4941 pontifex,
731 4870 841 4926 detecto
867 4870 942 4942 eapi-
995 4871 1170 4943 putriareliio
1186 4869 1442 4941 aproconeellnriie
1453 4885 1510 4941 pau
1542 4868 1827 4941 ribneetpereprioir

115 4943 156 5011 te,
173 4940 399 4997 exaltarirenit
415 4941 567 4997 adsalium
590 4958 684 5007 soum,
701 4940 749 4997 ubi
773 4947 853 4997 stans
877 4959 944 4999 anm
998 4942 1495 5015 quiadleatumPetrnmmorentur
1537 4941 1776 5010 portarentumie
1795 4956 1826 4997 ue

116 5009 269 5067 devotione
283 5027 332 5067 exs
353 5014 457 5067 ectavit
470 5016 692 5068 sacramentum.
704 5012 861 5068 Cardinalis
876 5030 943 5070 vcra

115 5082 264 5155 Evangelii
273 5083 302 5139 in
317 5030 402 5138 uitari
411 5084 574 5154 genuflexus
597 5085 712 5154 capiens
728 5089 943 5139 sacramentum

115 5157 305 5225 cumpatena,
316 5152 345 5209 in
355 5152 536 5210 altitudinem
545 5152 695 5210 oculorum
706 5171 822 5210 suorum
833 5155 945 5226 gyradt

114 5223 223 5281 nircum
237 5224 341 5291 altare,
352 5224 460 5281 etillud
472 5226 551 5281 dedit
575 5225 748 5281 subdiacono
770 5224 899 5296 epistolae
914 5226 943 5282 in

114 5310 205 5352 cornu
231 5294 378 5366 Evangelii
391 5297 537 5368 genuflexo
552 5296 738 5366 exspectanti.
760 5295 813 5362 Qui
828 5314 944 5353 consur·

113 5381 186 5439 gene
197 5367 235 5422 ad
250 5383 357 5439 papam
368 5367 479 5431 detulit,
490 5366 609 5422 imbrias
624 5367 713 5423 altera
735 5366 874 5439 magistro
886 5369 943 5424 ele·

113 5440 212 5503 rante,
228 5443 257 5493 et
271 5438 309 5493 ed
323 5436 471 5493 sinistram
486 5455 568 5509 popm
580 5456 645 5493 cum
659 5442 840 5495 sacramenta
854 5455 880 5493 re
893 5439 940 5509 tir·

113 5508 209 5573 mouit,
225 5508 255 5563 id
267 5512 310 5564 est
323 5525 353 5564 se
365 5509 447 5565 stitit.
462 5508 532 5564 Tum
549 5509 624 5566 idern
644 5509 796 5565 cardinalis
814 5510 942 5592 genufle-
997 5511 1033 5565 ed
1048 5517 1180 5566 sanctum
1192 5513 1306 5566 Petrum
1330 5509 1532 5582 praemisimus,
1562 5526 1596 5565 ea
1611 5524 1668 5563 non
1684 5505 1824 5562 ordinarit

113 5596 178 5645 xus,
200 5579 321 5635 culicem
335 5595 401 5635 eum
426 5579 566 5653 sanguine
590 5580 740 5651 accipiens,
766 5597 828 5651 pari
854 5582 941 5637 mado
996 5581 1083 5638 fuisse
1098 5582 1196 5639 forsan
1210 5581 1363 5649 ridebitur,
1375 5582 1426 5636 sed
1437 5578 1598 5643 arbitraria,
1611 5592 1725 5648 nempe,
1736 5592 1824 5649 quun·

109 5668 112 5671 ·
134 5650 237 5721 gravit,
255 5657 284 5705 et
297 5650 367 5722 ipse,
383 5666 429 5707 ma
453 5649 583 5707 fimbriae
598 5650 737 5715 elevante,
766 5651 891 5721 porterit
904 5654 942 5708 ad
996 5653 1029 5708 do
1043 5652 1214 5721 eleenmepna
1239 5653 1370 5721 dabutur,
1386 5652 1464 5724 quad
1484 5667 1518 5708 ex
1530 5646 1672 5721 pontilicis
1687 5646 1761 5704 forte
1775 5663 1823 5705 vo·

113 5666 372 5848 Uextarampapem
387 5720 436 5778 ubi
451 5738 481 5778 se
505 5721 639 5781 firmarit.
655 5723 727 5778 Tum
750 5722 889 5793 pontifex,
903 5722 941 5780 la·
996 5723 1290 5803 luntatependabat.¹
1499 5753 1503 5761 ·
1663 5788 1669 5801 ,

115 5793 315 5851 ebeOratiom
336 5791 453 5851 usatin
466 5792 551 5863 libro,
578 5792 699 5869 sumpsit
712 5796 825 5868 portem
848 5810 944 5855 sumu·
1033 5796 1074 5853 De
1096 5793 1239 5853 termento
1252 5799 1353 5865 etiam,
1368 5792 1444 5866 quod
1467 5792 1498 5850 in
1521 5792 1691 5850 consutam
1708 5791 1824 5851 Latere·

998 5084 1086 5141 etiam
1102 5084 1156 5139 hnc
1166 5082 1267 5140 referri
1283 5087 1376 5154 potest
1399 5084 1427 5139 id
1454 5083 1530 5155 quad
1543 5084 1578 5140 de
1595 5082 1722 5140 Adriano
1735 5087 1745 5139 1
1758 5083 1826 5156 legi·

998 5160 1054 5221 tur,
1072 5155 1120 5227 qui
1135 5152 1236 5210 reiecit
1246 5154 1364 5225 sermore
1381 5170 1444 5227 qnae
1461 5162 1570 5211 nomios
1594 5155 1755 5220 sabbatina,
1777 5171 1826 5226 per

997 5242 1076 5297 quom
1087 5225 1251 5281 decurrebat
1273 5228 1384 5298 munia
1396 5226 1521 5297 gratiam
1548 5242 1705 5299 pauperum
1721 5224 1769 5297 qni
1789 5224 1825 5279 od

997 5297 1180 5368 accipiendam
1203 5297 1394 5369 eleemosynam
1422 5299 1454 5353 in
1504 5297 1619 5354 sebalem
1643 5297 1824 5367 festivitatem

996 5385 1085 5424 aniene
1104 5384 1249 5423 onerarere
1271 5373 1298 5423 et
1324 5368 1415 5423 lauari
1438 5368 1576 5438 suebant,
1607 5368 1654 5423 alii
1675 5366 1819 5439 judicent.

998 5440 1169 5511 Quanquam
1185 5439 1206 5493 si
1222 5439 1275 5495 rite
1294 5439 1492 5511 expendantur
1516 5455 1551 5495 ea
1571 5454 1635 5508 qum
1651 5434 1824 5491 testatione

998 5021 1186 5084 croporentnr.
1203 5014 1246 5067 An
1261 5011 1349 5068 etiam
1373 5012 1492 5069 sabbato
1514 5016 1582 5069 unta
1604 5010 1748 5069 Palmae?
1788 5029 1825 5069 on
1911 5066 1916 5075 ,
