4012 6194
91 173 165 235 tris
690 178 832 244 souitu
851 182 1016 249 cantans.
1039 221 1069 233 -
1099 164 1172 255 itt.
1391 138 1401 151 κ
1716 195 1792 271 ists
1821 142 1826 161 ι

88 304 169 377 quod
183 304 339 363 easciiicel
353 294 614 379 dieannirersarii,
625 314 758 384 occurrit,
779 313 914 373 cardina·
931 322 954 379 Α
970 319 1101 393 singuiis,
1122 309 1257 396 vesperis
1267 324 1409 401 etvigiiiis
1425 347 1479 403 pro
1495 332 1653 403 defunctis,
1664 351 1793 397 cumuo-

88 391 165 451 iibus
182 394 329 451 etcaeteris
342 395 586 470 prelattsparatis
597 402 787 469 moresoiito;
803 408 832 461 et
842 420 916 476 pras·
968 422 1033 464 vem
1047 409 1231 480 lectionibus,
1244 420 1272 472 et
1284 432 1350 473 cum
1361 425 1432 477 nota
1438 420 1791 494 solemnitardecanlalis,

88 481 205 539 dicatur
217 482 247 538 in
262 484 417 556 prasentia
430 486 545 544 domini
557 504 646 562 papea
659 505 719 547 non
733 507 802 563 per·
812 491 914 565 ipsum
968 497 1066 553 statuit
1079 499 1231 559 celebrari.
1241 505 1306 575 ipse
1318 506 1472 565 Romanus
1482 510 1614 582 pontifex
1629 512 1790 572 assistenti·

88 571 141 627 sed
154 586 209 643 par
223 570 348 644 aliquem
361 573 544 633 cardinalem
559 582 606 643 ;et
618 584 685 649 post
695 580 914 638 Orationemfe-
967 582 1022 640 bus
1037 584 1093 644 sibi
1102 588 1311 663 cardinalibus,
1326 598 1359 651 ut
1372 597 1467 655 moris
1480 602 1534 666 cst,
1543 598 1662 658 fiissam
1677 615 1733 673 pro
1744 601 1792 660 de·

87 659 124 716 sti
136 658 208 716 dicit
219 659 361 718 dominus
367 677 445 735 papa
453 665 620 737 quamdam
631 667 799 725 Orationem
810 684 912 741 prose,
967 671 1074 730 functis
1088 676 1404 754 celebretsoiemniter,
1421 684 1484 757 ipsa
1498 685 1548 743 die
1561 686 1707 746 ducentos
1722 705 1792 763 pau·

86 764 155 821 qua
169 748 258 807 debet
277 764 341 806 essa
360 752 469 826 scripta
482 752 512 810 in
528 754 603 812 libro
617 756 730 829 papali.
743 759 776 815 iit
786 757 854 815 iicet
865 756 912 815 di·
966 773 1053 833 peres
1064 763 1237 834 refecturus,
1248 772 1276 825 et
1282 768 1525 847 vigintiquinque
1534 775 1648 834 reficiat
1654 777 1791 835 cardina-

88 842 167 894 ctum
182 837 420 896 anniversarium
431 856 492 900 non
507 842 599 901 habet
618 847 764 917 vesperos
778 847 912 919 papalem
965 847 1003 905 lis
1020 854 1234 928 uuusquisque,
1249 872 1304 914 nec
1317 873 1378 917 non
1397 856 1541 919 dominus
1555 878 1634 936 papa
1645 862 1790 925 ducentas

86 925 911 1005 dicoquodnottrocenturcardinales,utparatisaricis
965 937 1345 1005 iliacasfacietdacanlati.
1433 945 1435 949 ’

86 1014 117 1071 in
130 1015 265 1088 vesperis
282 1033 289 1083 ;
307 1018 452 1074 tamenin
467 1019 652 1091 capellatus
675 1022 817 1079 dominus
830 1038 911 1097 papa
1002 1027 1156 1088 ordinarit
1164 1033 1265 1101 eham,
1279 1033 1317 1091 de
1325 1035 1473 1095 dictorum
1489 1038 1615 1097 fratrum
1624 1040 1790 1100 consiiioet

85 1105 338 1175 cantatvcsperos
352 1103 430 1171 festi,
440 1107 693 1182 elfiuntqutedam
707 1109 910 1169 solemnitates
965 1130 1101 1185 assensu,
1117 1125 1149 1176 ιιι
1163 1136 1231 1177 cum
1246 1124 1416 1181 Romanum
1435 1126 1606 1185 Antistitem
1626 1145 1642 1185 ι
1662 1129 1720 1186 rita
1734 1129 1790 1187 mi·

86 1196 198 1263 postea.
214 1194 287 1248 Nam
299 1192 529 1252 dictaOratione
544 1197 621 1262 festi,
636 1198 775 1270 repetitur
806 1200 911 1258 Gloria
965 1218 1051 1274 grate
1060 1208 1225 1281 contigerit,
1238 1210 1317 1269 diem
1332 1213 1613 1289 defuctionisipsius
1627 1218 1715 1290 382
1725 1234 1788 1276 car·

86 1280 185 1344 Patri,
194 1280 277 1337 Sicut
290 1288 366 1352 crat,
380 1283 563 1354 solemniter,
578 1285 719 1344 etdicitur
730 1289 911 1360 versfilcqit
964 1292 1077 1351 dinaies
1087 1295 1260 1355 solemniter
1270 1304 1372 1359 etcum
1382 1307 1452 1360 nota
1461 1303 1611 1363 celebrant
1620 1320 1676 1379 pro
1685 1306 1790 1364 defun·

86 1376 114 1426 te
127 1371 268 1427 Dominus
282 1373 532 1441 sacerdotemsihi,
542 1381 608 1439 etc..
618 1381 646 1432 et
658 1392 739 1449 papa
750 1377 821 1435 dicit
829 1384 909 1451 post·
963 1381 1026 1447 ctis,
1042 1388 1071 1439 ιι
1089 1399 1169 1440 esum
1183 1387 1399 1462 quinquaginta
1413 1393 1598 1465 pauperibus
1617 1409 1672 1466 pro
1686 1395 1790 1454 anima

87 1458 211 1516 modum
227 1460 399 1518 Orationem
415 1477 468 1534 pro
484 1477 526 1529 se,
543 1478 612 1536 quas
627 1464 716 1523 debet
729 1466 910 1540 esaescripta
964 1469 1095 1529 defuncti
1108 1474 1267 1531 cardinalis
1279 1476 1404 1549 quilibet
1415 1479 1611 1546 administret,
1631 1486 1661 1538 ιι
1686 1485 1789 1540 ιιιιιιι

85 1546 117 1603 in
129 1546 217 1605 libro.
964 1557 1085 1615 totidem
1095 1560 1788 1639 prodefunctisfaciautpostmodumdecantari.

121 1636 235 1692 Tamen
248 1636 466 1695 advertendum
480 1638 598 1711 quodsi
613 1641 910 1701 anniversariumdo·
926 1671 949 1730 B
1000 1646 1154 1706 ordinarit
1167 1652 1257 1707 etiam
1273 1656 1305 1709 ut
1317 1653 1458 1712 cardinali
1471 1654 1614 1726 obeunte,
1633 1662 1694 1714 tem
1707 1656 1789 1716 idam

85 1722 160 1780 mini
173 1724 267 1780 nostri
278 1724 330 1781 fiat
342 1725 390 1782 dia
403 1726 583 1800 Lunoe,quia
595 1729 759 1788 cedemdie
769 1731 911 1790 Luuoeest
963 1752 1101 1793 summus
1116 1739 1358 1814 pontife1,quam
1368 1742 1535 1801 cardinales
1549 1745 1579 1801 in
1593 1745 1714 1819 capelhs
1729 1745 1789 1803 suis

84 1812 495 1872 anniversariumsummorum
501 1817 909 1890 pontificumetcardinalium,
964 1830 1083 1882 cantent
1097 1842 1165 1883 cum
1180 1834 1252 1885 nota
1266 1828 1438 1888 solemniter
1448 1846 1504 1903 pro
1517 1831 1666 1890 defunctis
1679 1850 1687 1901 ;
1702 1834 1790 1891 idem·

83 1900 273 1973 quodetiam
289 1903 407 1976 papale.
425 1907 498 1961 Nam
518 1906 695 1978 papadehet
708 1907 865 1977 celebrare,
881 1916 910 1968 et
963 1930 1019 1985 qua
1033 1916 1186 1972 Romanus
1201 1917 1333 1990 pontifex
1347 1918 1492 1976 ducentos
1503 1922 1789 1995 pauperesproejus

83 1994 250 2053 cardinales
265 2002 335 2054 sunt
348 1998 527 2069 parati,iicet
541 2015 602 2057 non
612 2000 800 2075 praedicetur,
813 2003 910 2060 induti
965 2002 1067 2059 anima
1077 2008 1192 2076 pascat,
1200 2009 1228 2062 et
1236 2005 1477 2080 vigintiquinque
1486 2007 1787 2082 quilibetcardinaiis,

80 2083 227 2141 violaceis
237 2082 285 2141 rai
291 2085 391 2157 nigris.
403 2088 595 2145 Poteritcnim
609 2089 723 2148 dictum
741 2092 911 2149 anniversa·
964 2090 1025 2148 imo
1040 2096 1068 2148 ιι
1080 2092 1145 2164 ipsa
1155 2093 1296 2151 dominus
1308 2111 1385 2167 papa
1398 2095 1503 2153 Missas
1514 2111 1567 2168 pro
1575 2096 1723 2156 defunctis
1734 2098 1789 2156 du-

80 2171 157 2228 rium
166 2187 316 2246 paparum
331 2180 360 2232 et
369 2176 563 2234 cardinalium
574 2178 685 2237 differri
700 2179 909 2253 insequentem
964 2185 1076 2246 cantas,
1089 2188 1118 2238 et
1130 2181 1231 2254 viginti
1249 2182 1383 2258 quinque
1398 2183 1560 2243 cardinalis
1571 2184 1696 2260 quilibet
1709 2192 1789 2263 post·

79 2260 173 2327 diem,
185 2263 210 2318 si
229 2262 349 2320 domino
363 2263 503 2337 placebit.
964 2268 1086 2326 modum
1100 2269 1191 2327 faciat
1200 2270 1350 2329 celebrari.

119 2350 207 2423 381
226 2351 286 2408 ista
300 2361 519 2412 consueverunt
534 2357 664 2424 serrari3
680 2357 794 2415 domini
810 2363 911 2417 lamen
964 2365 1005 2423 Cf.
1019 2368 1053 2423 in
1063 2367 1169 2440 quibus
1178 2368 1275 2426 dicitu
1289 2377 1319 2428 et
1329 2371 1564 2429 solemnitatibus
1575 2378 1790 2432 occaecatust

78 2439 237 2497 estfacare
249 2441 330 2514 quod
341 2441 397 2499 sibi
411 2442 547 2516 placebit.
1035 2439 1158 2496 Romani
1169 2441 1538 2511 pontiflccsocottst'stcttis
1552 2443 1713 2503 obstinere.

119 2527 240 2585 infesto
256 2530 349 2586 sancti
365 2530 502 2598 Andreas,
518 2537 547 2590 ct
561 2532 751 2605 praedicatur,
771 2541 800 2593 et
814 2539 910 2594 Romae
1000 2535 1169 2592 Notandum
1181 2536 1262 2611 quod
1276 2538 1304 2594 in
1324 2538 1432 2596 diebus
1443 2545 1472 2597 el
1486 2539 1691 2598 festivitatibus
1712 2540 1790 2599 infra

76 2615 213 2675 hahebat
226 2617 542 2693 antiquitusvesperoa
557 2621 680 2695 papales
689 2628 717 2681 ιι
725 2624 910 2695 Marathum,
964 2623 1070 2696 positis
1083 2627 1433 2685 consueveruntilomani
1441 2628 1608 2700 ponitiiiccs
1615 2629 1791 2700 regulariter

76 2703 153 2762 licet
164 2705 323 2764 hodienum
336 2707 378 2764 sia
388 2713 526 2766 serretur.
966 2727 984 2767 a
998 2712 1183 2770 consistoriis
1200 2714 1521 2790 abstinereprouthaec
1533 2717 1792 2790 pertimetparien·

118 2793 193 2850 item
201 2796 909 2872 pratersolemnitatessupemusdictaserasisti·
967 2799 1007 2857 lia
1016 2801 1126 2872 docuit,
1138 2807 1167 2859 ιι
1178 2803 1619 2876 partimmajorumnostrorum
1630 2804 1791 2879 reiahopa·

75 2898 153 2957 qnae
167 2882 368 2942 solemnitates
386 2886 531 2961 antiqua,
545 2887 657 2961 quibus
671 2890 799 2947 Romani
815 2890 909 2963 ponti·
965 2888 1071 2947 tefecit.

73 2971 332 3029 ficessolemuiter
340 2973 611 3044 celebrabrauasec
617 2976 774 3035 hodienon
786 2978 910 3036 siccom-
999 2977 1029 3034 ln
1040 2977 1146 3051 primis
1159 2979 1315 3036 sciendum
1326 2980 1410 3053 quod
1422 2981 1506 3039 nullo
1515 2980 1564 3039 die
1573 2979 1728 3040 dominico
1739 2998 1790 3055 pet·

76 3062 214 3119 munitet
227 3061 411 3119 observatur.
927 3031 950 3092 C
964 3071 1061 3124 totum
1071 3067 1225 3124 annumiit
1236 3069 1453 3126 consistorium.

115 3150 441 3224 ilemquandocunqua
454 3153 609 3211 ilomanus
617 3154 749 3227 pontifex
756 3155 909 3213 facitordi·
1000 3157 1074 3213 ilem
1087 3156 1169 3213 nullo
1184 3157 1232 3213 die
1247 3157 1327 3213 toris
1341 3173 1393 3230 per
1405 3162 1493 3215 totum
1510 3173 1624 3216 annum
1640 3158 1791 3216 fitconsis·

72 3237 206 3305 nes,rcl
215 3240 455 3297 consecrationes
465 3242 689 3316 episcoporum,
705 3243 843 3310 celebrat,
856 3244 910 3300 sed
964 3246 1083 3309 terium,
1099 3245 1215 3301 etiamsi
1227 3245 1264 3300 sil
1275 3245 1376 3317 aliqua
1388 3246 1464 3303 festa
1478 3246 1509 3303 in
1524 3247 1705 3319 septimana.
1840 3254 1845 3263 ’

72 3341 144 3384 non
160 3327 383 3399 preadicaturin
398 3329 491 3387 liissa.
1000 3333 1071 3389 item
1083 3333 1210 3403 arigitis
1226 3332 1390 3389 Natiuitatis
1403 3334 1518 3390 Domini
1535 3333 1680 3390 inclusiva
1693 3349 1790 3408 usque

114 3415 570 3492 iteminfcstisprincipaioribus
581 3419 784 3489 civitatum,in
796 3420 910 3495 quibus
965 3422 1001 3478 ad
1018 3420 1126 3478 festum
1140 3419 1790 3494 Epiphaniasinclusivenecfitconsistorium.

74 3509 230 3570 moratur,
246 3510 275 3562 ιι
284 3504 315 3562 in
335 3505 416 3564 iestis
428 3502 501 3575 aliis,
519 3516 605 3580 prout
618 3508 736 3568 dercho
750 3510 844 3583 ipsum
852 3525 911 3567 mo-
964 3509 1150 3583 Quandoque
1157 3514 1253 3566 tamen
1260 3508 1732 3582 postCircumoisionemrooantur
1739 3510 1791 3568 ali·

72 3598 141 3659 set,
155 3592 295 3660 celebrat,
318 3599 347 3652 et
359 3595 544 3667 praedicatur.
963 3596 1078 3671 quadie
1084 3595 1250 3654 cardinales
1256 3596 1791 3668 adconsistorium,nonadnegotian-

115 3682 911 3760 itemquamvisconsueverintilomanipontificesistas
964 3687 1049 3749 dum.
1061 3685 1112 3744 sed
1130 3685 1170 3744 ad
1181 3683 1531 3757 revidendum‚sipiacet
1546 3684 1669 3742 domino
1692 3698 1789 3759 papas.

72 3769 281 3827 solemnitates
299 3773 435 3845 superius
461 3772 728 3841 dictasobserrare,
757 3774 780 3830 si
809 3778 911 3833 tamen
999 3778 1070 3832 ilem
1086 3775 1181 3849 prima
1195 3773 1241 3831 die
1254 3772 1507 3845 Quadragesimas,
1522 3772 1632 3831 scilieet
1644 3773 1675 3832 in
1689 3774 1791 3833 disci·

73 3859 143 3916 sint
153 3858 288 3931 impediti
301 3873 337 3916 ox
347 3859 500 3918 debilitate
507 3859 550 3918 vel
558 3860 617 3918 alia
629 3861 798 3919 rationabili
807 3878 909 3927 causa,
964 3879 1079 3929 nerum,
1095 3878 1151 3920 non
1162 3867 1207 3920 est
1220 3862 1440 3930 consistorium,
1452 3877 1508 3919 nac
1521 3862 1611 3920 etiam
1638 3866 1683 3919 cst
1696 3864 1789 3921 consi·

72 3951 212 4021 possunt
222 3946 304 4019 ipsas
315 3948 458 4019 omittere,
467 3953 721 4007 etconsuererunt
732 3952 912 4024 quandoque
964 3953 1089 4010 starium
1098 3952 1217 4009 duobus
1230 3950 1336 4008 dicbus
1349 3951 1597 4020 praecedentibus,
1614 3949 1724 4008 scilicet
1738 3950 1788 4008 die

71 4035 355 4094 committereaiicui
364 4038 562 4112 episcopare!
570 4038 744 4112 presbytero
752 4039 910 4105 cardinali,
964 4043 1064 4109 Lunae3
1080 4046 1109 4096 et
1121 4041 1169 4096 die
1188 4040 1287 4097 Martis
1307 4039 1336 4095 in
1345 4039 1550 4109 carnisprivio,
1572 4040 1596 4094 si
1609 4041 1687 4095 curia
1701 4040 1740 4096 sit
1760 4040 1788 4095 in

70 4124 162 4197 quod
178 4123 314 4190 celebrat,
325 4130 354 4181 ιι
364 4140 529 4184 sermonem
542 4126 630 4185 faciat
641 4128 672 4183 in
685 4127 811 4184 ecclesia
824 4128 911 4200 cujus
965 4129 1051 4199 Urbe,
1063 4134 1179 4201 propter
1189 4128 1362 4184 insolentias
1375 4128 1508 4199 quasillis
1521 4127 1628 4184 diebus
1642 4128 1704 4184 lieri
1719 4144 1789 4184 con·
1848 4150 1855 4155 ·

72 4213 192 4272 festum
206 4218 251 4270 est
262 4231 272 4280 ,·
283 4219 312 4269 et
322 4214 455 4282 etiamsi
464 4216 569 4289 piacet,
579 4214 738 4273 committit
749 4217 829 4291 quod
837 4217 909 4274 ceie-
964 4222 1123 4276 sueverunt
1136 4234 1143 4283 ;
1156 4217 1208 4273 sed
1224 4216 1248 4272 si
1263 4215 1333 4272 alibi
1349 4217 1388 4272 eit
1402 4219 1495 4282 curia,
1509 4216 1788 4281 sistranlerduohus

70 4302 146 4360 bret
161 4302 325 4377 episcopus
340 4306 387 4362 rel
398 4306 557 4377 presbyter
565 4305 724 4363 cardinalis
740 4307 769 4361 in
783 4305 910 4361 ecclesia
963 4307 1068 4366 diebus
1081 4304 1269 4376 carnisprivii
1290 4303 1495 4375 praecedentis,
1516 4306 1549 4360 fit
1568 4303 1788 4360 consistorium.

70 4392 247 4449 cathedrali
258 4394 392 4461 civitatis,
403 4393 451 4450 ref
464 4394 545 4459 alibi,
555 4393 747 4467 sicutplacel,
764 4400 792 4451 ιι
802 4410 909 4451 sermo·
928 4385 949 4444 D
1000 4395 1098 4450 itema
1117 4392 1270 4449 Dominica
1284 4392 1457 4448 Palmarum
1481 4392 1623 4449 inclusive
1640 4392 1788 4466 usquead

71 4496 150 4538 nam
167 4480 273 4538 faciat.
966 4480 1152 4539 [lominicam
1160 4480 1404 4554 proximampost
1413 4480 1527 4537 Pascha
1537 4480 1679 4537 inclusive
1690 4480 1790 4537 noniil

71 4587 275 4646 commotio
286 4588 403 4645 Domini
417 4587 573 4646 Alexandr,
588 4604 674 4660 papae
683 4590 784 4662 quart,-
796 4590 832 4647 de
848 4590 911 4717 aff.
964 4570 1186 4637 consistorium,
1201 4568 1260 4625 hoc
1274 4569 1370 4636 salvo,
1386 4569 1464 4641 quod
1479 4568 1504 4624 si
1519 4569 1582 4625 fieri
1598 4569 1709 4625 debent
1724 4572 1790 4625 Pro·

109 4659 228 4730 srcqiis
236 4660 386 4729 faciendis
396 4676 449 4732 pro
456 4661 570 4717 summis
575 4662 763 4732 pontificibus
771 4669 796 4717 ct
812 4676 866 4719 cot·
887 4662 909 4717 ι’·
963 4674 1064 4716 rossus
1079 4659 1110 4715 in
1124 4658 1173 4714 die
1185 4660 1263 4715 loris
1275 4664 1387 4722 sancto,
1403 4660 1708 4716 tuncconsuevitesse
1719 4673 1790 4715 oon·

112 4730 239 4787 ”lilim
249 4730 408 4801 destitisti·
965 4748 1119 4804 sistorium
1134 4747 1165 4803 in
1177 4746 1225 4802 die
1235 4745 1366 4802 Mercurii
1378 4745 1547 4813 sancto,vel
1557 4745 1660 4820 aliquo
1671 4746 1790 4822 diasep

112 4835 910 4911 Dumfldeiesanimasdeiunctorum,sibisalutispro·
964 4837 1082 4896 limana
1097 4841 1206 4894 sanctae
1221 4837 1261 4892 ad
1275 4835 1473 4892 revidendum
1488 4836 1648 4893 Processus
1662 4836 1712 4909 qui
1726 4834 1789 4894 fue·

68 4939 190 4982 cume
204 4924 365 4982 consilium
379 4932 573 4998 nequeuntes,
592 4925 745 4983 charitatis
770 4927 910 4984 instinctu
963 4926 1023 4983 rint
1032 4924 1172 4989 faciendi,
1186 4923 1254 4981 iicet
1266 4921 1350 4979 aliter
1360 4922 1470 4995 pluries
1479 4923 1555 4981 forte
1562 4924 1700 4981 dominus
1707 4939 1790 4997 papa

67 5011 242 5072 conveniat
256 5012 431 5069 orationum
441 5011 590 5085 suffragiis
601 5013 749 5084 adjuvari,
761 5014 911 5072 sanctissi-
965 5012 1146 5071 consuluerit
1154 5011 1244 5084 383
1259 5027 1330 5068 cum
1342 5010 1481 5069 fratribus
1491 5012 1553 5069 suis
1568 5027 1658 5085 super
1670 5012 1790 5070 Procas·

66 5118 149 5161 mus
159 5099 306 5158 dominus
316 5099 570 5173 paterttlexander
575 5115 656 5175 papa
663 5108 798 5175 quartus,
809 5103 847 5158 de
854 5103 910 5160 fra·
964 5103 1048 5159 sibus
1062 5099 1216 5172 iaciendis,
1228 5099 1497 5174 saltuatiamquod
1512 5100 1536 5157 si
1548 5100 1790 5157 deberetiierior·

66 5202 161 5249 trum
174 5188 437 5245 suorumunamini
449 5186 613 5245 consiiioet
627 5204 760 5255 assensu,
773 5189 910 5247 annitar·
965 5190 1075 5247 dinatio
1085 5188 1293 5255 cardinalium,
1307 5187 1385 5246 bene
1405 5195 1473 5246 tunc
1486 5189 1567 5246 lieret
1578 5188 1788 5247 consistorium

65 5278 549 5339 sariumsacrosauctmttomsna
559 5276 911 5349 Ecclesioepontificumct
965 5278 1102 5351 pluribus
1115 5276 1292 5348 diebusipsa
1302 5277 1471 5351 septimana
1480 5275 1787 5347 sanctaouandoque

63 5365 280 5429 cardinalium
303 5365 479 5422 obeuntium
494 5369 594 5423 Nonas
618 5364 803 5438 Septembris
826 5366 910 5423 aunis
965 5373 1066 5425 tamen
1081 5366 1128 5423 die
1148 5365 1268 5423 Veneris
1283 5366 1422 5438 proxima
1437 5372 1505 5440 post
1519 5365 1629 5423 Pascha
1647 5367 1788 5420 vocantur

70 5483 79 5491 ’
108 5501 121 5525 ·
131 5490 215 5548 Olim
228 5488 257 5544 id
268 5486 352 5545 fiebat
371 5506 419 5562 per
433 5488 525 5563 ipsum
539 5488 706 5564 pontificem,
726 5495 758 5546 ιιι
777 5494 900 5562 palates
914 5506 1039 5548 sermone
1053 5488 1141 5547 saneti
1157 5489 1266 5547 Leonis.

280 5577 399 5636 Partim..
419 5568 563 5634 lxxviii.
1591 5575 1628 5630 39
