4136 6180
214 256 273 322 bib
532 250 714 317 trpuuutx
735 250 794 313 AD.
817 248 847 313 S.
870 244 1047 312 aasabim
1066 242 1187 306 MAGNI
1206 238 1406 308 LlTllltGlCh
1428 243 1558 325 OPERA.
1762 315 1764 318 Α
1858 188 1922 304 aie

214 391 288 449 soris
299 388 480 462 contigerunt
491 386 556 454 ;ubi
570 385 706 453 Eulalius,
721 382 861 441 Bonilccii
868 379 1042 445 aemulanda
1057 378 1082 440 h
1096 377 1273 446 convocarit,
1286 383 1316 435 et
1329 396 1395 436 cuni
1405 379 1539 436 universa
1553 376 1663 448 synoda
1686 375 1804 432 tradidit
1819 375 1924 433 Caieta

215 461 359 534 exsequiis
370 460 483 531 prioris
497 458 624 529 episcopi
637 472 656 515 a
669 456 780 527 populo
801 460 857 512 eta
871 453 989 512 clericis
1001 452 1042 509 ad
1091 450 1181 520 jiiset
1198 456 1366 519 potestatem
1388 451 1516 521 elipandi
1525 449 1697 519 pontificem,
1719 453 1748 505 et
1759 447 1926 505 ordnendi

215 533 366 592 molestam
381 532 608 589 bateraneiisem
629 528 772 586 adductus
788 527 911 591 ducitur,
926 522 977 580 ubi
992 538 1043 595 per
1096 522 1287 589 apostolicam
1309 522 1412 587 sedan,
1429 528 1534 593 praeter
1548 519 1719 591 dignitatem
1742 518 1923 590 patriciatus,

217 598 1042 669 biduumrenmratnsest,atexspectareturdiescansaietus
1096 607 1184 718 fluam
1198 592 1224 649 ei
1239 594 1379 650 concessit
1403 610 1468 649 cum
1496 591 1665 647 investitura
1688 588 1919 661 episcopatuum.

159 672 162 679 “
237 681 377 745 capesset
388 672 558 733 inbanniter
568 670 710 739 ordinari,
726 670 755 726 id
768 673 813 726 est
826 667 902 741 eligi.
918 669 977 725 Hoc
989 665 1042 722 tri·
1122 679 1155 718 oc
1169 663 1265 735 itaqua
1280 664 1398 722 Adriani
1412 665 1537 731 decreto,
1564 663 1641 734 quod
1655 660 1809 717 Gratianus
1829 665 1859 717 at
1873 663 1924 716 lio

216 693 305 805 guum
320 762 387 803 cum
410 745 440 801 in
460 743 599 801 electione
620 740 748 815 Gregorii
768 742 827 808 Vll,
852 739 900 813 qui
915 739 978 810 ipse
997 736 1042 793 dia
1096 734 1265 804 retulerunt,
1282 740 1422 792 statutum
1437 740 1480 792 eat
1500 738 1531 790 at
1549 734 1572 788 ia
1585 737 1660 789 asset
1679 747 1762 788 ieras
1774 732 1925 789 Romanus

216 819 319 875 mortis
335 815 488 873 Alexandri
504 817 525 870 ll
538 818 651 871 creatus
666 818 718 880 est,
741 815 888 868 serratum
901 825 959 869 non
976 807 1042 864 suis·
1096 805 1234 876 pontifex,
1249 823 1335 878 quem
1351 806 1471 863 Carolus
1485 822 1534 862 rex
1553 806 1729 860 Francorum
1744 804 1844 875 suique
1858 818 1923 860 sue·

217 894 268 957 set,
285 890 315 945 id
327 892 426 971 postea
446 887 544 943 Benna
559 885 712 942 cardinalis
727 880 835 954 aliique
849 879 979 1007 Gregorii
992 880 1042 937 ad·
1096 892 1222 959 cessores
1235 878 1409 935 Francorum
1425 894 1506 950 reges
1521 875 1747 959 consecrandum
1765 873 1922 946 elegerent,

217 960 336 1021 versarii
346 959 400 1033 ipsi
411 959 586 1031 objecerunt,
600 956 676 1028 quod
688 954 815 1010 triduum
827 951 896 1025 pari
930 958 1042 1022 tempus
1096 964 1155 1004 arie
1166 965 1215 1021 Jns
1230 950 1314 1023 [cxiv]
1328 949 1452 1022 eligendi
1467 947 1630 1021 pontificem
1646 947 1752 1002 actara
1765 954 1793 1001 et
1814 947 1923 1018 populo

217 1031 526 1114 nullalagasanaitum
542 1026 791 1084 iuissaexistimet
812 1023 964 1088 Bononiae,
994 1021 1043 1093 qui
1097 1018 1337 1092 aduaumregem
1351 1016 1924 1086 translatumsit,siiaalectionisnomine

219 1105 363 1160 Baunonia
375 1100 608 1157 criminationem
622 1099 676 1154 hoc
694 1098 756 1152 loco
778 1094 880 1179 rejicit.
1096 1090 1279 1147 confirmatio
1293 1091 1480 1164 intelligatur,
1496 1107 1562 1147 auin
1586 1091 1624 1146 ad
1637 1090 1758 1145 modum
1768 1105 1824 1160 quo
1837 1104 1924 1160 rages

253 1173 354 1231 Gothia
369 1173 459 1229 ltaliae
486 1170 594 1226 ditione
608 1187 625 1226 a
638 1184 722 1224 nerse
738 1167 866 1240 patricio,
888 1164 1042 1221 lastiniani
1098 1163 1332 1234 Francorum‚qui
1342 1162 1483 1219 natalium
1491 1160 1724 1234 jurcinrcgnum
1734 1160 1924 1225 succedente

219 1238 1043 1373 {attibuittutitlt}ttt¹tltttbtttttlbtlt
1097 1233 1475 1377 ttttbttbtttbltt
1493 1232 1924 1359 tlttt⁰ttt¹¹ttt¹¹tt⁰ttu

239 1387 302 1444 aior
317 1386 372 1443 luit
385 1387 414 1441 iii
429 1329 796 1455 electioneppapaepmutatio
808 1397 895 1453 usqua
906 1380 942 1436 ad
952 1348 1044 1436 'Cam-
1097 1348 1243 1432 alectiinis
1269 1324 1438 1433 iocabulffm
1461 1348 1628 1445 accipiatur,
1649 1373 1922 1454 Caroluslhlagaus,

210 1405 279 1515 fam
293 1456 491 1530 MagnumDe
499 1453 718 1511 hacmutatione
726 1453 896 1523 Gregorium
906 1451 1043 1524 Magnum
1098 1451 1210 1502 mortuo
1221 1448 1481 1513 Adrianoliberam
1492 1446 1615 1517 eligendi
1625 1443 1926 1501 successorislaculta·

219 1529 377 1588 sciscitatus
392 1532 436 1584 est
448 1527 628 1585 secundinus
655 1541 752 1580 sarius
776 1523 826 1579 Dei
848 1522 984 1587 inclusus,
998 1522 1043 1578 cui
1097 1522 1157 1574 tem
1169 1518 1243 1574 clera
1259 1523 1288 1575 at
1302 1519 1405 1590 populo
1418 1517 1542 1589 reliquit,
1559 1518 1748 1587 camdemque
1759 1515 1924 1577 libertatem

188 1644 193 1649 .
220 1600 373 1672 Gregorius
387 1598 569 1670 respouditin
584 1596 793 1653 haecierbazlle
805 1593 1043 1651 ordinationibus
1098 1588 1157 1660 ipsa
1170 1590 1278 1645 attilius
1290 1606 1356 1646 suus
1369 1590 1526 1645 ludovicus
1537 1586 1926 1659 augustnsincraatioaaepi-

220 1664 1043 1741 veraapostolicasedispontiitcuinutiumpostbeati‘ssi·
1098 1657 1924 1732 scoparumsingulisecclesiisasseruerunt,sancitoadito,

220 1742 398 1800 manuisum
406 1735 1044 1809 Hormidamaliquasintadditamestracba-
1059 1740 1082 1802 Β
1097 1732 1174 1803 quad
1185 1733 1221 1788 ab
1232 1731 1426 1788 aliisialatum
1441 1737 1493 1787 est.
1509 1731 1669 1786 Scdtaman
1681 1734 1805 1800 copacto
1819 1728 1927 1784 hiacli·

222 1812 559 1885 tusaequirit.8edusque
569 1809 606 1867 ad
618 1809 944 1879 tiqitti'pcpaetemporc
958 1822 1044 1876 eupo-
1098 1804 1194 1858 bertss
1208 1802 1339 1859 Ecclesiae
1354 1805 1494 1859 Romania
1503 1818 1636 1858 concessa
1648 1800 1709 1869 luit,
1720 1804 1752 1856 ut
1762 1799 1843 1857 electi
1854 1815 1928 1871 poii·

220 1888 292 1942 sitas
298 1884 500 1940 ordinationes
505 1881 666 1952 precatum
672 1895 729 1936 essa
735 1878 1045 1950 cognosccaideatpu-
1099 1872 1182 1929 tibcis
1197 1874 1377 1929 confirmatio
1388 1880 1416 1930 et
1430 1873 1599 1946 approbatio
1612 1872 1693 1929 beret
1707 1887 1757 1943 pei·
1769 1872 1927 1943 imparato·

221 1954 469 2021 hlicelactas,cum
477 1957 605 2023 tempora
614 1949 708 2022 vigilii
716 1948 974 2020 qumdamoccultis
984 1966 1044 2004 ain·
1099 1962 1145 2002 res
1158 1961 1292 2002 eorumne
1306 1945 1425 2016 legatos,
1441 1945 1603 2016 inquorum
1616 1943 1766 2014 praesentia
1778 1942 1844 1998 nani
1855 1958 1926 2012 pou-

220 2026 360 2083 hiantium
372 2023 509 2083 cuniculis
524 2024 606 2079 lactas
623 2021 690 2089 sint,
707 2037 778 2092 quas
792 2020 867 2076 inter
884 2020 1045 2091 ipsaetiam
1099 2016 1182 2072 tillcis
1195 2017 1371 2073 consecratio
1391 2016 1452 2072 llari
1474 2017 1594 2072 solebat.
1614 2014 1694 2071 Unde
1714 2018 1777 2086 past
1798 2019 1926 2068 mortam

222 2097 315 2169 lllgilii
330 2096 431 2154 electio
445 2094 512 2149 vitio
528 2110 585 2150 non
597 2093 698 2149 caruit.
712 2093 755 2148 hb
775 2092 828 2147 coi
851 2091 974 2148 iturtem
997 2108 1046 2148 ore
1100 2087 1228 2159 Gregorii
1245 2089 1287 2154 lV,
1305 2104 1369 2144 cuin
1397 2086 1514 2159 Sergius
1528 2086 1669 2142 secundus
1689 2085 1796 2141 electus
1811 2084 1924 2149 suisset,

221 2169 262 2225 sic
276 2185 322 2225 res
332 2184 362 2224 se
376 2167 511 2223 habebat.
526 2165 638 2221 Mortuo
651 2110 872 2235 pontificaseffia
883 2110 1046 2243 apostolicae
1100 2162 1129 2215 et
1143 2175 1204 2241 non
1214 2158 1567 2242 exspectatalmperatoris
1582 2156 1922 2225 auctoritataordinatus,

222 2239 349 2297 iacentis
364 2254 433 2294 cura
448 2236 538 2292 tribus
559 2234 710 2307 precipuis
724 2232 792 2290 cleri
810 2233 950 2289 ministris
971 2251 1048 2289 com·
1102 2231 1239 2286 Lutarius
1249 2233 1342 2298 titium
1358 2246 1439 2287 suain
1454 2230 1630 2286 Ludouiciim
1642 2244 1705 2285 cuin
1721 2229 1856 2298 Drepane
1869 2227 1929 2284 lle·

222 2310 401 2373 mittebatur,
415 2308 522 2364 scilicet
533 2306 697 2377 archipresb
718 2308 789 2372 tera,
805 2304 1049 2372 archidiacoaomt
1100 2301 1343 2359 diematiicoruni
1361 2302 1491 2373 episcopa
1518 2300 1631 2371 diripit.
1656 2305 1776 2355 acturos
1800 2299 1930 2355 cedetis·

223 2378 387 2454 primicerio
413 2379 601 2434 notariorum.
629 2377 671 2431 Ab
697 2323 742 2432 bis
767 2376 984 2447 quamprimum
1013 2377 1048 2433 de
1101 2387 1168 2454 ceps
1191 2373 1344 2429 decedente
1360 2374 1520 2441 apostatica
1548 2374 1705 2443 quisquam
1732 2369 1931 2451 ilticproeter

224 2455 318 2507 morta
337 2467 373 2523 pa
395 2468 419 2505 aa
444 2449 578 2505 nuntium
604 2448 781 2519 significatur
807 2447 940 2511 exarcho,
962 2464 1047 2519 quein
1101 2460 1144 2499 sui
1153 2445 1317 2513 jussionem
1331 2446 1671 2516 missorumqaesuoruin
1681 2445 1864 2512 presentiam
1880 2454 1929 2496 oi·-

224 2521 325 2579 Gothls
338 2468 426 2593 pulsis
439 2522 585 2578 Ravenna
607 2519 771 2575 instituerat
785 2516 954 2590 imperator.
981 2520 1049 2575 Post
1102 2515 1257 2596 dicaretur
1278 2515 1410 2579 antistes,
1427 2519 1459 2570 iit
1473 2514 1595 2571 habetur
1615 2513 1644 2567 iii
1662 2513 1821 2593 Annalibus
1837 2511 1930 2593 Berti-

220 2595 298 2667 juste
315 2592 449 2649 defuncta
473 2591 629 2663 persoluta,
644 2595 834 2661 exactumque
863 2589 948 2645 tridui
971 2591 1048 2664 jeju·
1102 2585 1383 2651 uienis,adannum
1410 2584 1682 2656 iltt‚quamlocum
1709 2584 1931 2639 Beraniussite

225 2664 316 2731 nium,
332 2665 368 2719 de
381 2662 510 2734 eligendo
524 2662 658 2733 pontifice
687 2662 874 2717 tractabatur.
890 2660 960 2716 Huic
975 2663 1050 2718 clac-
1122 2656 1197 2724 isset,
1212 2656 1414 2728 mitiusutiqua
1424 2657 1528 2739 egisset
1538 2672 1604 2712 cum
1617 2655 1776 2727 Sigeberto,
1789 2653 1838 2725 qui
1851 2654 1932 2709 idem

224 2735 463 2792 tioniintererant
474 2732 743 2805 claruaoptimataa,
758 2732 878 2803 populus
889 2736 918 2787 et
933 2732 1048 2800 milites,
1102 2673 1221 2793 Pactum,
1235 2744 1401 2800 quanquam
1415 2729 1472 2783 alio
1486 2730 1584 2794 inoda,
1596 2730 1815 2784 commemorat.
1828 2724 1879 2780 llic
1892 2723 1933 2779 ri·

225 2807 279 2863 lico
294 2810 337 2863 est
351 2805 476 2863 militurn
491 2805 639 2872 stationes,
675 2804 703 2858 ai
722 2803 760 2858 ad
773 2803 926 2858 tutandam
948 2804 1050 2859 adier·
1104 2801 1149 2853 tus
1164 2799 1254 2869 viguit
1267 2800 1305 2855 ad
1319 2799 1477 2855 adrianum
1500 2799 1628 2863 tertium,
1653 2797 1701 2869 qui
1728 2800 1835 2852 statuto
1851 2796 1932 2851 odito

225 2894 273 2934 sus
289 2878 494 2949 Langobardos
509 2821 751 2946 reliqnamltaliie
766 2876 877 2944 partein
891 2874 989 2930 Romae
1002 2891 1050 2945 po·
1103 2867 1179 2926 canit
1193 2886 1229 2925 ne
1240 2869 1372 2942 deinceps
1386 2871 1415 2926 iii
1429 2871 1652 2941 approbandoet
1663 2868 1825 2923 ordinando
1838 2866 1934 2937 ponti·

225 2948 366 3004 tissimum
381 2952 410 3003 et
420 2948 563 3003 Reianiias
576 2945 779 3001 consletcbant.
788 2944 827 2999 Da
835 2943 972 2999 electione
984 2961 1052 3000 moa
1104 2940 1156 2997 llce
1170 2945 1383 3011 exspectaretur
1396 2941 1435 2997 ini
1440 2941 1579 3013 paratoria
1593 2938 1757 2997 auctoritas.
1774 2940 1813 2994 Ei
1827 2938 1873 2993 his
1887 2938 1931 2993 iii·

225 3015 1053 3088 referebaturailimparatorem‚aquopctabaturaxpec·
1105 3011 1245 3081 telligitui·
1275 3016 1437 3083 suspectam
1464 3028 1526 3069 assa
1554 3011 1699 3084 vulgatam
1726 3009 1861 3066 Ludoiiai
1889 3009 1932 3063 Pii

226 3090 400 3159 teneturque
414 3087 497 3145 factae
513 3086 661 3142 electionis
680 3084 858 3157 approbatio.
879 3085 919 3141 De
932 3102 966 3142 aa
981 3086 1050 3143 itam
1067 3101 1089 3163 C
1106 3083 1295 3148 sanctionem,
1309 3100 1375 3155 quae
1389 3083 1464 3139 hunc
1475 3100 1555 3139 usum
1567 3082 1697 3146 remittit,
1710 3081 1933 3151 absolutamque

227 3158 405 3215 scribebatur
417 3158 506 3230 [cxiii]
523 3158 560 3213 ad
572 3156 736 3221 exarchum,
750 3157 788 3212 ed
803 3155 923 3227 judices,
945 3157 1053 3215 archie-
1107 3153 1230 3225 eligendi
1241 3158 1269 3210 et
1282 3155 1467 3211 consecrandi
1482 3155 1622 3226 pontificis
1637 3152 1802 3209 facultatem
1814 3151 1892 3206 clero
1902 3155 1934 3206 at

228 3230 388 3357 giisoopum.
414 3234 443 3284 et
466 3227 683 3299 apocrisiarium
701 3227 856 3293 Ravennae,
873 3231 905 3284 ut
920 3228 1052 3285 electioni
1106 3224 1479 3350 populaRomauorastituit
1490 3243 1497 3293 ;
1509 3225 1706 3297 quodquidam
1715 3223 1786 3279 satis
1798 3222 1933 3278 confutat

241 3305 369 3358 aierent.
383 3301 555 3356 Postdatam
565 3300 602 3355 ab
612 3299 785 3369 imperatore
800 3300 1050 3369 approbationem,
1115 3294 1245 3368 'tephani
1262 3299 1298 3355 lV
1313 3296 1466 3362 decretum,
1483 3295 1635 3353 statuentis
1647 3302 1678 3351 ut
1690 3295 1933 3363 alectuspieesen·

228 3372 333 3430 clectus
346 3372 463 3428 tandem
485 3370 671 3427 ordinabatur
686 3371 722 3425 ad
746 3368 955 3426 contessionem
975 3372 1051 3427 beati
1106 3368 1184 3424 tibus
1195 3368 1301 3438 lupatis
1315 3368 1515 3437 irnpeiialibas
1528 3371 1718 3425 consecretur.

227 3443 313 3508 Patri,
326 3442 421 3514 ibique
440 3442 526 3498 fidam
541 3457 623 3498 suam
635 3440 831 3511 profitebatur,
848 3458 913 3496 moi
937 3458 970 3497 ue
985 3442 1052 3498 fidei
1142 3438 1211 3494 Post
1225 3438 1384 3494 adrianum
1398 3439 1515 3496 tcrtiuin
1544 3438 1732 3494 tumultuaria
1754 3434 1808 3491 luit
1820 3434 1933 3507 passim

229 3529 288 3572 suia
302 3459 1052 3594 malacitanamanomoeiuictadcsdirige‘batataec
1106 3525 1188 3593 papae
1198 3510 1309 3592 electio,
1324 3527 1411 3581 nsque
1426 3511 1462 3566 ad
1488 3509 1679 3580 principatum
1709 3505 1934 3590 ottonisliegni

229 3586 328 3641 omnia
339 3584 598 3641 canstantexlibro
611 3584 715 3639 diurno
730 3584 925 3638 Romanorum
939 3584 1052 3654 pontili-
1107 3597 1155 3651 qui
1169 3597 1198 3635 in
1214 3581 1353 3637 electione
1365 3581 1511 3652 pontificia
1525 3598 1670 3637 summam
1686 3580 1739 3635 sibi
1752 3594 1866 3649 suisque
1881 3593 1933 3649 po·

227 3670 305 3723 cuin,
326 3656 409 3729 cujus
424 3655 556 3712 formalia
571 3656 607 3712 ab
622 3671 656 3711 eo
671 3657 812 3725 tempore,
827 3654 912 3710 idest
926 3655 1052 3711 emedio
1106 3648 1933 3719 cterisauctoritatemattribuit.PetrasDamiaai,Alexau·

227 3727 332 3785 soeaulo
345 3731 435 3792 sarto,
462 3727 558 3783 innan
572 3742 634 3782 asae
648 3729 804 3796 eoeperunt.
831 3725 919 3781 Porro
946 3725 1052 3782 clectus
1107 3723 1159 3778 dra
1170 3724 1295 3778 secanda
1306 3724 1448 3795 pontifice,
1470 3723 1512 3778 eit
1525 3723 1554 3779 iu
1570 3723 1620 3780 lib.
1634 3739 1653 3788 i,
1678 3720 1800 3794 epistola
1813 3720 1857 3786 20,
1873 3719 1932 3775 ala·

228 3796 1051 3871 ponsegarabatutpontilarianteconfirinatlonem;qaoil
1106 3790 1933 3866 ationemillamperepi'scoporiuncardinaliumfieiida·

229 3869 418 3926 manifestum
428 3873 471 3925 est
481 3885 514 3924 ex
527 3867 648 3941 epistola
660 3867 853 3939 adepiscopos
869 3872 898 3922 et
909 3870 1051 3940 presbytc·
1108 3865 1175 3920 bere
1184 3865 1513 3934 principatcjiidi'ci'am,
1528 3865 1569 3921 ita
1584 3869 1615 3921 ut
1637 3864 1763 3922 secundo
1787 3863 1849 3919 laco
1858 3863 1933 3933 iure

123 3994 127 4003 ,
228 3940 475 4011 rosScotie,apud
487 3940 595 3995 badam
611 3937 766 3995 calataiub
781 3938 835 3993 bac
849 3937 1050 4010 inscriptione:
1104 3931 1932 4008 prebeateteruaoscinium.tertiopoputarissaooiattot·

228 4007 1051 4080 Dilectissimisetsaiicttssi'intsfratiibaslicinianaetc..
1108 4008 1148 4062 tat
1160 4007 1461 4077 cppuaiunm'cquc
1472 4008 1707 4078 suspendendum
1717 4022 1775 4063 esse
1797 4020 1933 4074 causans,

227 4082 1053 4152 llitanusarctiipreibqtcretsercanslacumianctesedis
1107 4078 1270 4151 usquedum
1281 4080 1371 4149 reite
1379 4080 1560 4136 celsitudinis
1569 4079 1740 4135 consulatui·
1758 4080 1931 4141 auctoritas,

227 4152 1051 4222 apostoticadaaiinesdiaconusetinDeinominectectus,
1107 4149 1799 4222 nisipeitcutcmsortussisimmineatquodreni
1808 4152 1934 4230 quanta·

136 4276 140 4279 .
227 4224 655 4294 itcinloanncspri'niiceri'cset
668 4224 890 4279 servanstocam
901 4233 1054 4281 sanctau-
1108 4222 1349 4279 marascalciam
1367 4223 1535 4291 compellat.
1557 4223 1632 4287 Quot
1648 4220 1746 4275 turbas
1766 4218 1934 4275 oscitaverit

227 4295 528 4364 disapostoticseetc,
541 4292 1053 4361 ubiboannen,licetelcctnainRoma·
1107 4292 1160 4348 suli
1170 4292 1306 4365 Gregorio
1318 4294 1365 4348 Vll
1381 4292 1455 4376 [civ]
1467 4289 1935 4365 ejusquaaucaasaoribusbiecim·

227 4380 297 4420 aum
312 4363 616 4435 pontificem,secunda
631 4368 729 4418 tamea
739 4362 801 4418 loca
813 4363 992 4437 inscribitur;
1003 4383 1053 4423 nec
1108 4366 1271 4433 paratorum
1282 4369 1447 4432 auctoritas,
1459 4362 1569 4420 nemini
1582 4363 1712 4437 ignotum
1735 4365 1787 4419 est
1803 4362 1934 4418 'landam

228 4434 277 4490 alii
288 4435 439 4490 dimittunt
451 4435 565 4490 titulum
575 4433 621 4504 qui
635 4434 675 4489 ais
685 4437 753 4489 aute
761 4434 929 4491 electionem
941 4452 1054 4508 campa·
1107 4434 1286 4505 postmultas
1300 4451 1334 4490 ac
1345 4436 1494 4492 diuturnas
1508 4435 1709 4491 altercationes
1717 4433 1801 4489 evicit
1811 4432 1936 4488 Alexan-

227 4505 495 4571 tabat‚seriantium
511 4505 619 4561 scilicet
632 4505 726 4560 locum
741 4504 1004 4576 sedisapostolicae.
1019 4508 1054 4565 lit
1107 4506 1158 4560 dor
1169 4505 1279 4572 tertius,
1293 4510 1325 4561 ut
1338 4506 1432 4563 aeolis
1440 4506 1633 4565 cardinalibus
1655 4506 1743 4579 (quod
1754 4503 1890 4560 Nicolaus
1908 4504 1933 4562 ll

227 4581 326 4632 tamaii
342 4575 371 4631 bi
386 4576 533 4648 episcopas
557 4578 688 4658 [rutrum
711 4575 848 4632 vocabulo
867 4578 1052 4649 compellant,
1104 4574 1935 4650 jamstatuerat,sedobtineraaequiierat)Pontifexeliga·

227 4649 471 4719 quemadmodum
486 4648 524 4719 Cy
546 4662 658 4702 riarium
675 4647 929 4718 Carthaginensem
943 4651 1053 4705 antisti·
1105 4648 1333 4716 retundentes
1346 4648 1447 4705 ritibus
1465 4652 1530 4706 duae
1540 4654 1636 4721 partes
1645 4649 1674 4705 in
1687 4664 1775 4704 unum
1786 4646 1934 4717 conspira-

227 4722 287 4775 tam
300 4718 499 4788 preabqteriet
535 4720 651 4774 iccones
664 4720 891 4787 Romaesratiem
907 4722 1051 4788 vocantia
1106 4723 1179 4774 rent.
1190 4719 1246 4775 Nec
1260 4718 1609 4778 dilticilatuithlcxandro
1620 4720 1729 4777 clerum
1740 4720 1933 4775 remoaeieab

227 4789 348 4862 epistola
361 4789 396 4845 36
411 4806 492 4846 nante
506 4788 654 4857 Editionis,
671 4795 699 4845 et
714 4789 743 4844 iii
758 4789 830 4845 aliis.
1105 4789 1314 4856 hacclectiona,
1327 4792 1481 4864 assumptis
1493 4792 1522 4847 iii
1535 4791 1665 4848 ordinem
1676 4790 1866 4847 cardinalium
1881 4790 1933 4861 qui

261 4862 358 4932 Neque
373 4877 440 4916 iero
449 4861 576 4932 gratuita
591 4866 654 4917 erat
666 4860 847 4933 imperatoris
862 4863 944 4918 confit
954 4863 1050 4930 matio,
1105 4861 1180 4917 inter
1192 4861 1309 4918 clericos
1322 4864 1456 4934 precipui
1469 4866 1561 4930 erant,
1575 4861 1618 4919 iel
1631 4878 1730 4918 aarum
1741 4861 1934 4932 clllciispeiii·

226 4932 431 4988 sadsubccrta
460 4931 568 4988 ecnniae
585 4932 831 5003 pensione,quam
844 4934 1051 4990 Heracliusim·
1104 4937 1150 4988 tus
1163 4934 1320 4989 exstinctis.
1335 4934 1375 4989 lta
1387 4934 1642 4990 cardinalescreati
1662 4932 1872 5004 suutprioraau
1885 4948 1933 4988 ar·

227 5008 342 5074 perator
356 4950 530 5060 sustulitsub
544 5003 695 5074 Agathone
707 5004 945 5077 papa,priiilegio
961 5005 1049 5062 ctiam
1104 5003 1297 5076 chiprcsbyter
1307 5005 1515 5069 Laterancnsis,
1526 5004 1619 5060 sancti
1631 5004 1705 5060 Patri
1716 5008 1858 5061 cteanctai
1871 5003 1932 5060 bia·

225 5089 369 5157 concesso,
388 5078 419 5130 ut
438 5075 544 5132 electus
560 5075 685 5147 pontifex
701 5092 759 5131 non
774 5080 938 5147 exspectata
960 5076 1048 5148 impa-
1103 5074 1154 5132 riae
1168 5075 1285 5147 Majoris
1310 5075 1563 5148 archipresbyteri;
1576 5076 1667 5131 sancti
1690 5074 1779 5141 Pauli,
1796 5079 1825 5130 ct
1836 5073 1931 5131 sancti

224 5149 329 5201 retorta
356 5146 543 5217 aprobationa
563 5150 659 5217 paseat
686 5147 856 5211 consecrari,
888 5150 963 5219 quad
979 5149 1050 5205 Con·
1104 5145 1933 5203 Laurentiiextramurosabbates.hddit.iadhosetiamse-

224 5216 369 5274 stantiniis
384 5215 506 5299 lleraclii
518 5233 660 5301 pronepos
674 5217 763 5273 etiam
777 5218 966 5275 confirmavit.
979 5220 1049 5277 Vide
1104 5222 1182 5289 ptam
1194 5218 1276 5275 Urbis
1286 5218 1421 5290 episcopi,
1437 5218 1613 5289 totidemque
1641 5217 1772 5273 Ecclesia
1789 5219 1932 5274 ltomanm

224 5289 335 5360 quiade
349 5288 466 5344 amiani
483 5288 567 5362 primi
581 5289 720 5347 electione
742 5289 818 5345 dicta
833 5295 901 5346 sunt
914 5292 943 5346 iii
959 5290 1049 5348 Musei
1105 5291 1238 5360 precipui
1258 5289 1448 5359 alliciebant
1463 5288 1651 5361 primicerius,
1669 5287 1932 5357 atsacundicerias,

223 5362 302 5416 tomo
318 5362 338 5417 l.
1103 5361 1350 5431 protoscrinarius,
1358 5361 1534 5427 sacellarius,
1543 5360 1679 5427 arciirius,
1693 5358 1932 5423 adminiculator,

257 5431 412 5503 Postquam
430 5446 495 5488 iero
505 5429 624 5487 Carolus
635 5432 766 5501 Magnus,
776 5430 893 5485 subacto
904 5429 1048 5488 Desiderio
1103 5435 1132 5485 et
1142 5430 1318 5501 primicerius
1330 5432 1525 5497 defensorum,
1539 5448 1661 5502 quorum
1673 5445 1795 5486 munera
1811 5429 1855 5485 rel
1870 5446 1936 5485 om-

220 5501 475 5576 Langobardorum
491 5518 566 5575 rega,
601 5500 769 5556 uiitdriano
796 5516 832 5571 pa
853 5517 878 5555 aa
899 5501 1049 5583 inniastissi-
1103 5501 1936 5583 ninoantiquata,ielmutatisnoiniuibusintracardina·

219 5589 285 5655 mus
300 5578 372 5640 ciet,
387 5519 822 5655 exarchatumllaiennmatquu
835 5517 1048 5629 flmbiimatl'i-
1104 5572 1174 5653 lium
1190 5573 1537 5656 collegiariiinclusasunt.
1552 5572 1695 5631 Sublatisi
1716 5573 1773 5630 itur
1784 5572 1935 5630 ralauctis

219 5658 282 5698 ceni
298 5648 410 5713 partein
429 5645 490 5699 sadi
507 5642 994 5713 apostolicamPippinaconcessain
1008 5643 1046 5700 ai·
1101 5643 1169 5700 cleri
1184 5644 1333 5728 capitibus,
1350 5644 1434 5701 facilc
1450 5644 1505 5701 tuit
1520 5647 1551 5701 ut
1573 5645 1674 5718 vulgus
1689 5591 1860 5701 danicarum
1876 5644 1934 5701 hoc

220 5714 286 5768 dein
298 5714 475 5781 asseruisset,
505 5714 657 5779 Adrianus,
684 5718 756 5771 teste
777 5712 941 5780 Anastasio,
969 5716 1044 5773 tantl
1099 5714 1246 5774 electionis
1257 5716 1325 5789 jura
1339 5715 1510 5788 privaretur.
1540 5715 1627 5789 Atqui
1651 5715 1727 5772 clero
1756 5716 1930 5782 deoedsnte,

218 5782 349 5841 banalicii
363 5801 482 5856 memor,
496 5785 597 5842 Rome
611 5786 754 5858 synodum
767 5800 830 5842 aiiii
843 5785 1043 5860 episcoporum
1099 5802 1157 5847 nou
1166 5803 1244 5862 sagra
1253 5787 1343 5845 etiam
1359 5786 1480 5860 populus
1490 5786 1608 5861 antiquo
1616 5785 1783 5861 juracassit.
1793 5785 1932 5846 acciae
