4022 6174
249 215 307 277 bid
387 230 391 237 ’
637 209 675 268 ΙΝ
695 208 725 269 S.
748 196 926 269 cuneum
945 204 1090 275 LIBRUM,
1103 198 1439 270 SACRAMENTORUM
1460 200 1581 271 ΝΟΜ.
1875 205 1927 275 tat

249 361 312 416 cap.
324 344 350 411 3,
359 342 394 397 de
402 339 481 397 obilu
491 314 832 410 sanetitIenriciepiseopi
838 336 1114 399 bubeccnsiszsieA
1165 337 1227 392 919.
1247 338 1331 394 Multi
1353 339 1426 393 euim
1444 339 1626 406 sacerdotum,
1647 342 1700 395 etc.
1728 340 1770 395 ils
1790 338 1816 395 in
1841 343 1929 402 Codice

156 422 162 437 ‘
248 412 451 486 coufortntusin
462 411 587 473 Domine,
600 411 752 466 convocetis
764 409 905 478 tratribus
920 408 1028 465 dicebat
1046 425 1075 463 se
1129 408 1265 463 Rodradi.
1284 408 1428 464 Particula
1438 411 1525 474 enim,
1542 411 1671 465 hocloco
1686 411 1802 466 sumitur
1817 429 1861 483 pro
1875 432 1930 484 par·

243 483 412 559 jnmresolm'
417 490 456 537 :et
464 482 758 550 occipienssonotiolei
764 483 912 536 unctionem
920 497 1014 535 manus
1021 481 1075 550 ipre
1129 479 1222 535 tieuiis
1233 497 1308 545 uero,
1326 497 1374 536 seu
1386 488 1485 535 erstem.
1499 482 1605 551 Regula
1616 481 1735 553 Magistri
1750 486 1928 553 ms.,oap.8²:

244 550 1073 630 porripebot‚pedcsextendebat,eumpsullcutibuspsallebat,·
1129 552 1180 606 lton
1195 552 1267 606 euim
1283 552 1361 606 nesit
1376 553 1405 605 in
1419 552 1521 623 nir'prro,
1535 553 1930 623 trequeureronuuscruuuur

246 624 846 697 sumptuqueoiutieodomiuicioerporisdieit
858 624 892 678 :0
900 621 1072 694 Resploriae,
1128 638 1146 675 u
1158 622 1323 693 prepositis.
1338 623 1368 677 ln
1384 623 1455 677 libro
1469 628 1547 677 sesto
1562 623 1708 695 Hatitgarii
1723 641 1813 694 supra,
1827 626 1874 680 sub
1885 627 1929 682 iui-

246 698 380 754 uenieum
396 696 608 766 pece.litapud
631 694 841 750 Theodericum
865 694 915 750 lib.
949 711 975 748 rs
1001 693 1074 749 Vitm
1128 692 1847 764 tium:Nenenimomnesclerioitmucsrripturnm
1861 714 1930 752 usur·

247 773 352 826 sancite
366 765 511 823 Elisabeth
525 766 620 820 uxoris
631 766 762 821 Ludosici
777 763 940 836 Lautgravii
955 763 1075 820 Thurin·
1125 781 1193 835 pore
1204 769 1255 819 out
1270 765 1360 832 tepere
1372 763 1483 820 debent.
1507 765 1663 821 Dicentem
1676 766 1837 821 describitur
1849 767 1901 823 sliu
1917 785 1931 824 a

246 841 312 914 gire,
327 857 389 912 cap.
403 843 428 902 5,
441 838 488 894 ubi
508 853 595 908 agens
610 837 644 893 de
660 836 891 909 morteejusdem
903 835 1072 906 Landgravii
1128 834 1267 905 superiori
1284 835 1407 906 ungendi
1419 834 1526 890 infirmi
1539 836 1622 901 ratio,
1633 853 1682 892 seu
1692 838 1858 892 consuetudo
1870 855 1930 894 nou·

247 912 360 969 sinuit:
388 911 490 965 Videres
510 910 598 979 igitur
620 907 690 978 quod
712 908 765 962 sibi
795 907 891 961 mertis
918 907 1074 977 periculum
1128 906 1273 961 nullorum
1287 907 1528 977 presbyterorum,
1542 906 1589 977 qui
1603 908 1746 979 ungebant
1767 907 1887 964 infirmos
1907 911 1932 965 ia

246 984 415 1046 immineret,
428 984 518 1035 noceto
528 978 951 1050 petrieretoHiereeelpmitene,
962 976 994 1032 nb
1017 979 1074 1047 epse
1128 976 1196 1048 quin
1219 993 1253 1032 ue
1268 977 1408 1032 sensibus.

245 1070 337 1112 socru
349 1053 486 1108 unctionis
500 1055 699 1107 recrementum
710 1050 810 1120 occipit
826 1049 895 1120 ,pei
905 1056 935 1102 ut
952 1048 1073 1119 officium
1166 994 1229 1103 eri.
1246 1048 1439 1118 Pernnpueut.
1461 1048 1492 1103 ln
1513 1047 1615 1105 Codice
1630 1047 1764 1114 Rodradi,
1776 1057 1928 1122 perungunt.

245 1124 435 1182 solemneter
460 1128 612 1194 perspersi,
637 1122 786 1192 episcopum
809 1121 843 1175 ele
868 1126 961 1176 sonem
990 1118 1074 1174 Cruee
1130 1119 1186 1175 Sed
1203 1119 1354 1189 legendum
1370 1123 1438 1190 puto
1453 1126 1618 1190 perunpunt.

246 1203 447 1268 ceoperatorem
456 1193 611 1263 assumpsit.
625 1190 741 1247 Peracto
755 1197 888 1256 unctione,
909 1189 1075 1245 sacrosancti
1163 1190 1226 1243 eet.
1238 1190 1274 1244 tn
1288 1189 1415 1247 naribus.
1429 1191 1502 1261 Lege
1517 1194 1547 1246 iu
1557 1189 1678 1256 nunidem,
1695 1192 1727 1246 ul
1738 1189 1766 1245 in
1779 1191 1874 1248 Codice
1886 1192 1933 1248 ito·

246 1267 372 1337 eorporis
386 1264 500 1320 Domini
513 1263 603 1319 nostri
616 1262 680 1317 lesu
694 1262 797 1318 Christi
809 1261 863 1316 siut
875 1262 1005 1316 nieteeum
1016 1269 1073 1315 tre·
1129 1260 1223 1317 dradi.
1237 1260 1311 1315 Nam
1329 1264 1427 1332 postea
1440 1260 1529 1317 dixit:
1546 1261 1581 1317 In
1595 1263 1708 1317 nerium
1721 1262 1867 1318 summitate
1886 1265 1933 1319 sios

246 1338 390 1401 diderunt,
420 1335 473 1391 uod
488 1333 609 1406 cumfide
624 1333 910 1389 cntbolicnetsiueern
937 1332 1074 1387 deuotione
1128 1331 1255 1387 interim.
1269 1331 1508 1402 Tumquiauulla
1523 1331 1633 1388 mentio
1649 1332 1876 1389 deretunetienis
1893 1351 1934 1389 aa·

246 1407 386 1480 surrepit(
413 1406 524 1464 enricus
539 1405 756 1470 Communium.
772 1404 821 1469 tt,
843 1406 893 1458 ont
919 1403 977 1458 lect.
993 1411 1015 1466 l.
1042 1403 1073 1457 in
1127 1402 1215 1469 rium,
1231 1419 1293 1474 quse
1303 1407 1401 1458 mmen
1416 1404 1577 1459 necessaria
1589 1407 1648 1473 est;
1662 1418 1730 1458 nam
1745 1403 1851 1474 scripsit
1860 1422 1934 1477 supra

246 1480 312 1536 Vita
327 1484 434 1534 sauctae
443 1475 665 1532 adalheidislib.
678 1493 696 1532 1.
713 1492 776 1546 cap.
788 1476 839 1529 te:
856 1474 1010 1545 desumptis
1022 1474 1074 1528 eli·
1125 1479 1300 1545 perunguent
1316 1474 1427 1545 insuper
1446 1475 1476 1529 in
1490 1475 1554 1556 puin
1573 1491 1605 1529 see
1619 1490 1712 1530 sursus
1725 1477 1849 1546 corperis.

246 1550 404 1624 quantulum
413 1548 657 1617 eiriinsoorperis,
667 1546 809 1602 munirier
819 1546 926 1616 reponit
941 1546 1075 1600 attentius
1164 1546 1227 1600 922.
1241 1545 1375 1609 Dicentes,
1387 1546 1422 1600 In
1431 1562 1537 1600 nomene
1551 1491 1656 1609 istrie,
1670 1550 1724 1601 ete.
1739 1546 1780 1599 ita
1794 1545 1821 1600 in
1846 1545 1933 1602 Codice

245 1622 382 1695 mysteriis
392 1619 587 1676 ecclesiasticis.
606 1619 769 1675 Tunesecre
779 1616 833 1672 elei
842 1616 1075 1687 unctioneperun·
1129 1614 1265 1684 Rodradi,
1281 1632 1372 1687 neque
1388 1615 1446 1671 ulls
1462 1616 1571 1672 mentio
1585 1616 1708 1671 habetur
1722 1615 1841 1689 vulgaris
1864 1617 1933 1672 istius

246 1701 298 1759 eta,
318 1698 520 1748 sacramentum
534 1689 665 1745 dominici
678 1686 951 1759 corperislmmiliter
960 1694 985 1741 et
999 1685 1074 1741 deuo
1089 1698 1112 1758 Β
1130 1686 1250 1743 lormae:
1268 1688 1326 1742 Per
1340 1687 1423 1742 istem
1436 1695 1558 1742 setectum
1573 1690 1735 1753 unctionem,
1751 1693 1803 1743 etc.

247 1766 351 1821 tissime
364 1762 501 1818 adorande
522 1760 640 1831 percepit
664 1759 811 1831 (Henrious
839 1758 978 1822 Caninius,
1005 1758 1069 1814 eod.
1162 1757 1225 1812 923.
1236 1757 1412 1826 Omnipotens
1425 1759 1592 1823 sempiterne
1608 1758 1690 1823 Deus,
1710 1758 1757 1830 pui
1781 1757 1932 1813 eumenum

247 1841 332 1900 torui.
350 1835 378 1889 td
393 1833 481 1889 etiam
492 1832 588 1887 videre
614 1834 657 1887 est
680 1829 709 1885 in
735 1829 799 1884 Vite
830 1828 923 1885 sancti
946 1827 1074 1899 Hugouis
1125 1828 1271 1899 percomis,
1285 1832 1339 1884 etc.
1352 1829 1393 1883 lta
1408 1828 1437 1884 in
1451 1829 1553 1885 Codice
1564 1830 1704 1885 Rodradi.
1728 1829 1812 1884 Porro
1822 1834 1851 1885 ut
1863 1829 1933 1901 hujus

247 1906 359 1963 obbatis
378 1899 918 1973 Cluniaeensis,apudSurium,April.
946 1899 990 1963 29,
1026 1898 1073 1955 ubi
1128 1898 1418 1954 extremaeunclionis
1432 1900 1551 1971 antiqua
1564 1899 1638 1955 ratio
1662 1900 1766 1955 elarius
1780 1899 1932 1963 innotescat,

247 1972 781 2050 agiturdevisionesancliGodetredi
804 1988 820 2026 e
842 1969 929 2040 iscopi
958 1970 1074 2025 cimbia·
1128 1969 1175 2025 hic
1187 1970 1339 2042 subjiciam
1356 1975 1411 2026 tres
1426 1971 1560 2042 antiquos
1575 1971 1661 2041 buius
1682 1970 1850 2026 sacrementi
1874 1970 1933 2025 ritus

247 2048 344 2105 nensis
361 2064 367 2102 :
386 2047 538 2117 disparique
552 2045 716 2115 ntentribus
730 2049 760 2097 ut
784 1988 914 2122 abietem
935 2043 1074 2121 liuponem
1128 2040 1253 2112 primum
1267 2040 1383 2113 quidem
1395 2059 1428 2097 es
1443 2043 1544 2098 Codice
1559 2042 1675 2098 Raloldi
1690 2058 1697 2109 ;
1712 2042 1829 2098 silerum
1849 2058 1879 2097 ex
1892 2045 1934 2096 Co

247 2122 309 2177 olen
321 2126 412 2175 saneto
426 2119 569 2188 inungeret
586 2114 791 2197 ;etepise1peli
810 2113 959 2168 redemitus
978 2110 1074 2182 insula
1129 2111 1190 2166 dice
1204 2112 1334 2178 Titiano;
1351 2113 1467 2168 tertium
1486 2129 1519 2169 ex
1541 2112 1645 2170 Codice
1673 2112 1835 2169 monasterii
1856 2111 1933 2168 sancti

247 2186 661 2252 misereretene-auennensem
687 2184 809 2255 corperis
831 2191 855 2237 et
880 2183 1020 2252 sanguinis
1048 2183 1074 2237 ei
1128 2182 1261 2254 Remigii.

247 2263 574 2403 {lectitemus
588 2254 1075 2397 leuem”autiernus
1128 2288 1299 2361 «eum
1314 2290 1933 2419 gggpgggoppeu

249 2403 335 2475 buteri
350 2401 473 2471 infirmos
484 2415 547 2454 suos
558 2414 610 2469 per
621 2398 811 2468 miesessiouem
831 2403 855 2450 et
875 2395 1073 2450 reconcilietis·

248 2490 310 2530 nem
324 2472 379 2529 oleo
392 2476 484 2526 anneto
494 2475 658 2541 perrepunt,
674 2475 701 2525 et
711 2475 774 2523 tune
786 2483 829 2522 eos
858 2467 1068 2525 communicent.
1165 2485 1178 2515 u
1191 2463 1294 2536 Incipit
1308 2465 1378 2521 ordo
1392 2464 1650 2522 unctionisintirmi
1665 2485 1672 2523 z
1691 2467 1816 2523 ilieelieot
1826 2465 1933 2522 sacerdes

249 2546 308 2601 Hoc
327 2543 415 2600 eliam
425 2547 539 2599 constat
553 2557 587 2596 ex
602 2539 667 2595 vita
690 2537 782 2594 sancti
801 2535 940 2593 Adalardi
960 2536 1073 2592 abbatis
1126 2534 1164 2589 ad
1175 2536 1316 2607 infirmum
1336 2537 1430 2603 :Quid
1442 2555 1482 2592 me
1495 2537 1644 2604 advocasti,
1659 2539 1750 2611 freter
1761 2538 1831 2593 tttn
1842 2537 1895 2592 uit:
1905 2536 1932 2592 ur

250 2614 456 2673 Corbeiensisa
478 2611 655 2669 udenmdem
666 2610 853 2665 SuriumJan.
867 2609 893 2675 ²,
903 2606 1073 2679 qutsancta
1128 2606 1199 2660 mibi
1213 2608 1366 2662 unctionem
1382 2608 1484 2664 trudes.
1495 2608 1571 2663 Dicit
1584 2610 1711 2664 sacerdes
1724 2610 1760 2664 ed
1770 2626 1827 2664 eum
1837 2626 1845 2664 .·
1857 2609 1935 2664 Donet

250 2686 384 2743 unctione
403 2631 556 2749 dabimus,
584 2680 720 2754 postridie
747 2696 834 2736 mnne
863 2695 945 2733 sacro
970 2678 1072 2734 viatico
1127 2675 1180 2731 tibi
1194 2679 1329 2733 Dominus
1340 2685 1434 2735 nester
1447 2679 1526 2735 lesus
1541 2679 1657 2741 chritus
1676 2683 1768 2738 oe'rnm
1792 2681 1934 2752 incitenpue

250 2762 349 2831 pastus
363 2761 415 2813 cst.
427 2756 557 2812 Forsitan
572 2753 676 2879 anim
690 2753 761 2833 obex
779 2749 947 2874 interffleclus
967 2748 1072 2831 iuerat,
1127 2750 1299 2813 unctionem·
1312 2765 1322 2788 ·
1334 2756 1390 2806 tem
1401 2750 1425 2804 si
1436 2756 1461 2805 te
1472 2753 1626 2820 respeeerit
1642 2759 1668 2807 et
1679 2752 1816 2807 concurrit
1830 2759 1852 2806 tc
1863 2751 1930 2812 nur,

250 2829 405 2901 quominus
416 2827 487 2883 illud
498 2827 600 2882 eodem
634 2824 835 2893 iesuserperet.
877 2819 1074 2875 amobmtrra
1127 2819 1259 2874 custodies
1274 2819 1544 2891 itlomtflespendet
1557 2821 1724 2877 Custodiam.
1743 2824 1815 2879 Tunc
1827 2820 1933 2877 smerdes

251 2903 443 2963 sacramenta,
460 2895 637 2970 peonitentia,
658 2890 1075 2964 unctiosuprema,etEucbe-
1127 2890 1730 2965 parietemumeccmereoumaquueuper
1761 2894 1932 2962 caturcinam

249 2971 332 3027 rislia
346 2969 467 3026 infirmis
481 2965 567 3024 simul
576 2965 808 3028 conferebantur,
823 2966 855 3018 ul
867 2961 977 3018 clarum
990 2966 1075 3018 estex
1131 2959 1220 3032 538
1229 2961 1470 3032 imponiteilicium
1480 2963 1603 3034 desuper,
1613 2963 1706 3019 dicens
1718 2911 1933 3035 :iiqutsiupruo

251 3041 400 3099 Codicibus
410 3057 478 3096 mss.
495 3037 600 3095 nostris
612 3053 698 3107 supra
714 3034 821 3091 citatis.
1091 3038 1256 3112 Glnrmpnt
1280 3033 1764 3098 renitentiumetinmnenecessitate.
1775 3031 1933 3106 puinmeseri·

287 3114 348 3169 916.
363 3113 403 3168 m
416 3111 569 3181 sicsecinut
581 3109 628 3163 illi
639 3124 695 3179 por
702 3113 799 3176 septem
811 3105 867 3160 dies
890 3105 916 3159 si
933 3104 1075 3159 necessitas
1127 3117 1187 3157 cors
1198 3110 1235 3157 est
1269 3120 1314 3157 eus
1328 3105 1409 3174 3pur'a
1419 3105 1607 3160 misericordie
1613 3105 1668 3161 Dei
1680 3124 1728 3162 nec
1742 3117 1933 3169 sursumsunt

251 3184 339 3267 {uerit
349 3191 405 3238 tem
418 3183 452 3238 de
465 3180 672 3241 commissione,
684 3176 806 3249 quamde
823 3176 880 3256 olio
902 3174 1003 3245 officio.
1031 3176 1074 3231 ita
1129 3173 1346 3241 temporolmlet,
1357 3175 1461 3230 dicente
1472 3176 1522 3231 Dei
1530 3178 1646 3248 Spiritu
1654 3178 1808 3248 prophetem
1819 3177 1934 3298 [Legfer

252 3272 280 3311 cn
296 3255 397 3310 Codice
405 3271 459 3308 ms.
474 3250 641 3306 monasterii
651 3246 964 3317 sanetittemigri.Nota
974 3263 1073 3302 euram
1125 3244 1301 3314 propnetam]
1322 3264 1328 3302 :
1346 3245 1413 3300 Cum
1427 3263 1567 3302 conuersus
1586 3249 1760 3319 ingemueris,
1775 3256 1834 3303 tuno
1856 3262 1883 3301 se
1895 3259 1933 3298 mr

251 3343 338 3398 quam
352 3326 514 3380 sacerdotes
528 3322 596 3378 oiim
609 3320 746 3403 gerebant
761 3320 837 3374 eirea
850 3316 991 3372 infirmos.
1020 3317 1074 3373 Ubi
1128 3315 1185 3368 eris
1198 3326 1209 3384 ‚·
1222 3321 1249 3369 et
1263 3314 1350 3372 alibi:
1364 3315 1930 3390 Diciniqurtetestuesprier,cctjustiptceris.

251 3401 282 3451 τὸ
296 3398 328 3451 de
339 3396 491 3466 nliootieio
505 3390 825 3467 537s1gniiicaturde
838 3386 972 3443 unctione
986 3405 1073 3458 quam
1127 3385 1200 3440 Ant.
1214 3387 1361 3451 Succurre,
1370 3388 1500 3453 Domine,
1511 3387 1626 3444 iutirmo
1640 3389 1719 3455 huic,
1729 3397 1756 3447 et
1767 3389 1931 3445 medicaeum

252 3468 408 3524 Matthaeus
431 3463 590 3523 Galenusin
601 3460 801 3532 Prompluario
814 3458 985 3530 theologico,
1000 3464 1074 3514 eate-
1128 3454 1249 3526 spiritali
1264 3458 1461 3519 medicamine.
1480 3464 1509 3513 ut
1524 3459 1553 3514 iu
1570 3460 1692 3530 pristina
1707 3464 1826 3517 sanitate
1837 3458 1932 3513 restitu-

252 3539 329 3596 chesi
344 3540 404 3594 182.
421 3536 614 3606 restringitad
629 3538 724 3606 partes
744 3531 916 3594 laborantes,
939 3528 1016 3600 quia,
1043 3534 1075 3585 ut
1127 3525 1408 3597 {usgratiarumtibi
1419 3529 1765 3587 reteretnelionea.Psalm
1781 3529 1931 3585 Dominene

252 3611 323 3678 ruit,
339 3616 550 3666 sacramentum
562 3622 620 3662 non
628 3605 816 3676 repetebatur.
832 3600 878 3657 Ae
890 3600 954 3666 bere,
970 3599 1072 3670 inquit,
1128 3596 1157 3651 in
1176 3597 1270 3653 lurore
1285 3604 1344 3664 tuo,
1360 3616 1420 3654 cum
1432 3599 1541 3656 Gloria.
1557 3603 1674 3671 Antiph.
1688 3603 1761 3669 Quia
1772 3602 1843 3673 apud
1857 3600 1931 3654 Deum

252 3680 685 3753 nenfiebntitludperfunctortc
704 3681 926 3745 etproper·en¹er
944 3671 1006 3729 :sed
1027 3671 1075 3726 ubi
1129 3668 1335 3734 misericordia,
1357 3670 1519 3741 etcopiose
1542 3675 1617 3743 apud
1648 3691 1717 3729 eum
1737 3669 1934 3741 redemptioni

250 3769 387 3825 aepcrnen
402 3744 846 3813 eeueolescebot,redibeuteedem
857 3732 1008 3798 secerdotes
1025 3758 1074 3812 per
1128 3738 1277 3809 multiplex
1290 3740 1338 3795 Dei
1361 3742 1567 3809 misericordia,
1591 3743 1631 3798 ila
1659 3748 1689 3800 et
1714 3745 1799 3817 lapsis
1820 3737 1934 3797 subvenit

240 3824 405 3896 semideum
418 3829 566 3890 unpentes3
582 3836 634 3874 non
642 3817 748 3889 pardem
770 3821 969 3869 sacramentum
994 3813 1073 3869 toties
1127 3808 1272 3890 humanis.
1287 3815 1383 3866 utnon
1400 3810 1492 3867 solum
1507 3829 1558 3884 per
1573 3814 1711 3885 baptismi
1725 3822 1754 3871 et
1772 3826 1933 3870 consumme·

251 3903 409 3966 repetentes,
423 3894 474 3951 secl
491 3896 571 3947 statis
581 3888 705 3960 precibus
719 3887 843 3941 unctione
856 3889 983 3939 curantes
1003 3882 1073 3937 lebo-
1127 3884 1213 3934 tronis
1224 3881 1359 3951 gratiam,
1376 3884 1425 3938 sed
1441 3887 1527 3940 ettam
1540 3901 1589 3954 per
1604 3886 1782 3956 penitentie
1797 3891 1875 3955 atque
1888 3895 1932 3936 un·

250 3969 347 4021 centia
358 3965 492 4028 membre,
505 3961 703 4035 prudentesque
714 3963 837 4013 sanctem
852 3953 1067 4010 Eucharistium.
1127 3950 1229 4005 ctionis
1244 3952 1416 4007 medicinam
1429 3971 1493 4024 spes
1503 3954 1565 4011 rilae
1574 3962 1724 4026 reparetur
1734 3958 1870 4012 bumana,
1879 3955 1931 4008 Ant.

138 4066 143 4079 ·
250 4037 317 4093 Haec
329 4037 385 4093 iile.
402 4036 507 4092 Verum
523 4033 552 4088 id
566 4031 642 4103 quod
652 4029 693 4084 sit
707 4044 763 4082 non
773 4024 859 4096 repeti
875 4024 944 4079 olim
955 4023 1072 4080 solitum
1128 4019 1569 4082 Corconlritum'etburbiliatum
1577 4021 1931 4100 neusnonspernueum.

249 4107 393 4164 unctionis
404 4114 538 4162 extremm
548 4102 772 4161 sacramentum,
783 4096 811 4152 in
822 4096 924 4151 eodem
942 4094 1073 4150 videlicet
1126 4091 1256 4148 Miserere
1269 4093 1335 4159 mei,
1350 4094 1434 4162 Deus,
1451 4103 1534 4151 totum
1558 4114 1617 4152 cum
1641 4100 1746 4163 Cierio,
1760 4107 1784 4154 et
1811 4095 1934 4163 repleatur

249 4181 361 4245 morbo,
373 4194 432 4233 nnn
441 4176 554 4232 ridetur
568 4168 714 4244 probabile
724 4167 791 4240 quia
803 4166 863 4221 liceo
877 4166 972 4233 rerba,
993 4182 1072 4235 quem
1125 4160 1222 4288 {Forte
1246 4163 1302 4235 leg.
1328 4173 1481 4233 repetetur,
1510 4167 1552 4222 vel
1578 4168 1756 4240 ormpleetur]
1781 4168 1932 4239 Antiphone.

249 4250 281 4305 de
293 4250 349 4305 ulie
364 4249 462 4319 ospicio,
474 4249 542 4302 sunt
572 4240 707 4305 encratia,
729 4255 781 4294 nec
795 4242 914 4309 possunt
938 4236 1072 4318 restringi
1148 4234 1270 4289 ollertem
1284 4237 1403 4307 require.
1418 4239 1484 4292 Ant.
1497 4238 1670 4308 Opemierat
1687 4240 1860 4297 huicintirmo
1871 4236 1932 4290 Deus

248 4321 287 4375 ad
301 4319 466 4375 unctionem
482 4261 678 4372 meniu-orum
693 4309 872 4365 affectorum.
889 4307 923 4362 Et
940 4324 1072 4379 quamvis
1126 4319 1211 4385 super
1224 4304 1326 4361 lectum
1342 4307 1449 4363 doloris
1461 4309 1523 4379 ejus
1540 4310 1665 4381 :etipse
1684 4312 1898 4367 confirrneteum
1909 4306 1933 4358 et

247 4390 334 4446 hodie
348 4389 378 4446 in
397 4389 498 4444 eodem
507 4387 607 4441 morbo
619 4398 677 4438 non
692 4378 1071 4459 repetalnrboesaeramen·
1086 4409 1109 4468 D
1125 4375 1256 4457 vrrrticet.
1272 4375 1373 4432 Psntm.
1399 4379 1504 4433 Beatus
1516 4379 1564 4449 qui
1584 4379 1728 4463 inlelligit,
1740 4382 1878 4438 Culleolum
1895 4391 1932 4429 re·

247 4465 321 4527 tum,
339 4460 362 4515 si
382 4465 480 4515 lemen
497 4452 750 4526 antiquusvaleret
764 4466 842 4514 usus,
858 4449 887 4504 id
910 4465 967 4530 non
996 4453 1070 4505 esset
1124 4462 1215 4527 putre.
1234 4450 1301 4505 Ant.
1324 4448 1462 4503 Dominus
1477 4449 1588 4505 loculus
1602 4455 1645 4507 est
1660 4452 1805 4524 discipulis
1819 4450 1872 4506 suis
1885 4464 1891 4501 ε
1905 4445 1931 4499 In

248 4532 416 4593 absurdum,
432 4528 507 4601 quia,
523 4542 581 4582 non
590 4527 719 4580 cessante
733 4522 842 4587 morbo,
852 4520 1071 4576 bomineadhuc
1124 4519 1600 4590 nominemcodaemoniaeJ'icienm
1611 4524 1832 4594 superinfirmos
1843 4530 1932 4576 manus

246 4603 385 4659 existente
396 4601 424 4656 in
439 4598 572 4682 peccatis,
583 4596 618 4651 ob
633 4598 748 4665 peccata
759 4590 861 4647 saitem
874 4589 998 4645 venialia
1008 4608 1069 4662 quae
1123 4592 1231 4642 vestras
1245 4586 1395 4658 imponite,
1416 4595 1444 4645 et
1469 4591 1539 4647 bene
1565 4592 1721 4649 habebunt.
1746 4594 1843 4650 Pselm.
1868 4593 1931 4645 Dens

246 4665 695 4745 nobisquotidteobrepunt,quia
709 4668 808 4733 septies
823 4663 852 4716 in
873 4661 916 4715 die
931 4661 1007 4716 ondit
1022 4664 1070 4731 ju·
1124 4657 1265 4715 Deorum.
1282 4661 1340 4714 rint
1353 4661 1470 4717 Salvum
1483 4661 1526 4717 iae
1536 4679 1650 4720 servum
1660 4670 1753 4731 tuum,
1768 4666 1839 4720 Deus
1850 4673 1930 4719 meus,

244 4753 310 4807 stus,
323 4746 386 4815 iure
399 4747 493 4815 posset
505 4740 559 4795 hoc
572 4740 786 4794 sacramentum
807 4731 908 4803 sapius
927 4732 956 4787 in
970 4733 1068 4788 eodem
1122 4734 1285 4799 sperantem
1298 4729 1327 4785 in
1347 4734 1375 4786 te
1389 4748 1396 4797 ;
1411 4732 1521 4788 custodi
1541 4733 1667 4791 animam
1693 4736 1765 4809 ejus,
1781 4734 1846 4806 quia
1862 4732 1888 4785 ia
1906 4732 1930 4782 te

245 4804 347 4871 morbo
362 4813 460 4885 repeti,
476 4811 543 4884 ipsis
561 4808 655 4865 causis
670 4805 850 4862 manentibus
865 4804 901 4858 ob
926 4819 997 4875 quas
1015 4804 1068 4860 hoc
1121 4799 1257 4870 sperarit.
1270 4800 1374 4858 Psulm.
1391 4802 1510 4870 Inclina,
1525 4804 1655 4862 Domine.
1672 4808 1739 4863 Aut.
1756 4806 1860 4862 Cadent
1871 4817 1886 4856 a
1897 4799 1929 4853 la·

244 4891 458 4943 sacramentum
473 4879 598 4938 conferri
614 4879 695 4934 solet.
712 4878 853 4932 Praeterea
865 4874 889 4930 si
900 4874 997 4930 unctio
1018 4873 1067 4930 illa
1121 4873 1181 4926 lere
1195 4876 1244 4925 tuo
1259 4870 1339 4927 mille
1354 4877 1382 4929 et
1402 4875 1500 4928 decem
1526 4875 1617 4931 millia
1640 4894 1656 4932 a
1676 4877 1782 4934 dextris
1800 4875 1861 4937 tuis,
1885 4868 1927 4925 tibi

244 4957 370 5030 partium
388 4955 575 5011 morbidarum
589 4967 647 5007 non
660 4951 735 5006 esset
757 4950 983 5014 sacramentum,
1008 4961 1066 5001 non
1120 4946 1216 4997 autem
1228 4942 1337 4997 nulium
1354 4945 1493 5015 appropia
1517 4951 1566 5001 uat
1578 4946 1696 5003 matum.
1712 4950 1810 5003 Psalm.
1826 4942 1873 5011 Oui
1887 4942 1927 4995 bs·

243 5033 340 5100 posset
353 5018 822 5091 conterressnitalem,acproinde
835 5015 1064 5073 frustrnadbibe-
1119 5010 1202 5067 bitae.
1223 5012 1291 5070 Ant.
1312 5014 1485 5094 Propitietur
1497 4962 1575 5072 1Deus
1597 5017 1794 5090 iniquitatibus
1820 5012 1926 5091 loisel

240 5104 330 5155 retur.
346 5100 489 5154 Praeterea
501 5112 558 5151 uon
570 5094 647 5150 aliud
659 5091 834 5148 adhibebant
858 5087 953 5143 oleum
977 5104 1064 5159 quom
1119 5087 1200 5164 sanet
1214 5087 1785 5157 omncsaegrrtudinestues,etreaovelur
1801 5081 1925 5154 utensile

241 5172 278 5225 ab
294 5170 424 5240 episcopo
438 5167 663 5223 sanctificatum.
1115 5159 1252 5235 Jurcnlus
1262 5159 1320 5209 lus.
1330 5154 1429 5210 Pselm.
1441 5159 1575 5214 Benedie.
1587 5162 1612 5215 t.
1625 5161 1694 5217 Ant.
1712 5161 1836 5222 Domine,
1848 5156 1924 5210 libers

276 5243 340 5299 917.
352 5241 457 5296 Debent
471 5240 554 5293 etiem
569 5236 720 5291 secerdotes
735 5239 761 5287 ct
769 5229 892 5285 ministri
899 5234 1003 5283 sancire
1013 5229 1064 5282 Ee-
1118 5240 1247 5280 animam
1262 5242 1358 5281 meam
1376 5243 1392 5280 s
1407 5226 1490 5282 labiis
1501 5228 1607 5301 iniquis
1620 5236 1647 5286 et
1660 5248 1676 5286 a
1699 5231 1795 5302 lingua
1821 5226 1920 5301 dolosa.

239 5311 336 5377 clesire,
350 5317 406 5369 etc.
426 5312 467 5366 Ita
479 5309 508 5365 in
523 5306 671 5365 Codicibus
686 5302 809 5358 liodradi
823 5306 851 5357 et
864 5300 955 5354 saneti
969 5298 1062 5353 Remi·
1117 5295 1228 5351 Psolm.
1244 5297 1285 5351 sd
1304 5296 1456 5352 Dominum
1468 5316 1533 5354 cum
1545 5301 1707 5358 tribularer.
1721 5302 1822 5358 Oratio.
1839 5299 1922 5353 Omns·

238 5384 288 5457 gii.
304 5385 376 5440 Nota
388 5398 487 5438 curam
500 5385 529 5438 el
542 5378 669 5435 studium
691 5374 850 5446 priscorum
879 5369 1062 5426 sacerdotum
1116 5365 1398 5437 poleossempiterne
1409 5370 1492 5428 Deus.
1504 5371 1552 5441 qui
1566 5374 1761 5442 perlecobum
1777 5366 1922 5443 apostolum

238 5471 271 5512 er
290 5456 460 5511 sintirmos.
959 5508 965 5521 .
1032 5507 1038 5520 ⁹
1116 5439 1200 5520 luutn
1220 5436 1400 5495 introducere
1424 5443 1759 5525 presbyterostichesim,
1788 5438 1922 5515 etungelo

271 5474 338 5584 ite.
356 5525 466 5583 Christe
480 5520 595 5579 ccelesiis
609 5511 914 5575 medieiuoPntris.1ta
928 5512 1017 5567 etism
1030 5526 1061 5564 m
1115 5507 1178 5563 oleo
1193 5506 1323 5565 infirmos
1338 5511 1522 5582 praecepisti,
1535 5520 1653 5641 gressis,
1663 5530 1833 5585 quaesumus,
1848 5514 1876 5564 ut
1887 5506 1922 5559 (p.

238 5593 488 5655 codioessodradi.
1115 5578 1211 5651 goeris
1223 5596 1274 5653 per
1286 5595 1390 5638 manus
1402 5586 1516 5641 normas

271 5723 359 5798 'leg
370 5724 474 5789 tomen,
486 5720 519 5775 nl
532 5716 559 5773 in
572 5713 675 5773 Ordine
691 5711 815 5770 Romano
827 5725 879 5767 ms.
893 5704 974 5766 Corb.
989 5703 1070 5781 Apud
1084 5702 1200 5775 Burob,
1217 5702 1270 5762 lib.
1290 5721 1367 5772 xrrrr,
1383 5721 1444 5781 osp.
1459 5708 1487 5764 t.

1557 5602 1612 5644 nnc
1624 5586 1765 5644 samnium
1791 5588 1867 5640 tuum
1879 5575 1917 5633 itt.
