4136 6180
243 215 300 287 na

554 352 641 416 Porio
652 358 758 431 quinte.

283 465 398 538 Antipli.
415 465 562 521 lbatJesns
575 467 603 520 in
615 466 759 521 civitatem
771 483 834 538 quae
844 472 962 525 vocatur
973 470 1069 527 Nalm.

247 540 314 597 Ant.
329 536 472 608 Propheta
485 554 606 608 magnus
625 538 747 593 surrexit
761 538 893 601 innubis,
910 542 974 610 qnia
997 542 1071 597 Deus

247 609 374 666 visitarit
389 608 499 678 plebem
522 624 614 663 suam.
639 608 706 663 Ant.
730 610 844 680 accepit
859 614 955 666 autum
972 629 1072 669 omnes

248 680 346 746 timor,
362 683 391 734 et
402 678 626 750 magnificabant
649 681 740 735 Deum
761 680 903 736 dicentes:
923 683 995 748 Quia
1011 700 1073 754 pro·

248 752 337 824 pheta
348 767 468 823 magnus
482 749 605 805 surrexit
618 749 646 804 in
660 751 751 813 nobis,
768 756 797 806 et
807 751 873 821 qnia
891 754 964 808 Dens
977 754 1073 810 visite·

248 823 291 879 rit
301 822 411 892 plebem
427 837 521 876 snam.
531 821 646 892 Antiplr.
659 821 887 893 Diligebatlesns
897 824 1036 879 lllarlbam
1046 828 1075 880 et

250 909 380 950 sororem
392 892 454 964 ejus
468 892 596 958 llariam,
617 896 646 947 et
670 893 806 947 Lazarum
832 893 952 949 tratrem
965 912 1073 951 earum.

250 966 316 1023 Ant.
328 965 450 1019 Lazarus
462 962 569 1018 amicus
579 968 675 1017 noster
683 963 899 1023 dormiteamus
909 971 937 1020 et
947 982 1075 1023 nsomno

252 1035 408 1095 excitemus
424 1051 500 1090 eum.
514 1034 580 1089 Ant.
590 1033 721 1097 Domine,
732 1034 755 1088 si
769 1034 814 1088 bic
828 1034 938 1101 luisses,
957 1040 1076 1093 Lazarus

251 1122 310 1163 non
322 1109 396 1162 esset
410 1110 549 1160 mortuus.
567 1106 634 1161 Ecce
645 1105 708 1176 jam
733 1104 802 1160 latet
825 1107 1033 1231 quatriduanus
1048 1109 1077 1163 in

252 1180 451 1233 monumento.
464 1177 530 1230 Ant.
542 1176 585 1230 nd
594 1180 814 1231 monumentum
850 1179 924 1234 arari
934 1181 1079 1235 clamabat

253 1248 404 1314 Dominus,
416 1246 513 1301 dicens
525 1262 531 1300 :
544 1247 656 1313 lazare,
667 1246 732 1301 reni
744 1246 831 1301 lorus.
841 1248 909 1305 Ant.
923 1250 976 1315 Qui
987 1251 1079 1321 sequi·

253 1324 302 1376 tur
315 1334 359 1374 me
374 1333 431 1372 non
445 1318 575 1372 ambulet
589 1318 618 1372 in
634 1316 766 1381 tenebris,
783 1319 833 1373 sed
851 1319 965 1375 babebit
981 1322 1079 1377 lumen

253 1390 330 1455 sitm,
345 1388 414 1444 dicit
427 1387 574 1444 Dominus.
591 1388 660 1443 Ant.
674 1388 732 1460 Ego
746 1405 809 1444 sum
820 1390 869 1461 qni
882 1392 1080 1447 testimonium

256 1460 392 1533 perhibeo
402 1459 437 1515 de
449 1476 497 1516 me
507 1459 579 1530 ipso,
594 1458 825 1516 attestimonium
836 1462 965 1533 perbibet
974 1465 1009 1519 de
1021 1479 1078 1529 me,

173 1552 176 1558 ¹
256 1531 305 1604 qui
320 1531 399 1587 misit
412 1531 562 1586 mePater.

256 1628 477 1702 Responsorin‘de
492 1627 620 1683 Passieno
635 1627 755 1682 Domini.
775 1656 805 1670 -
817 1629 861 1683 An
875 1629 1081 1688 invitatorium.

292 1726 410 1799 Antlplr.
426 1725 514 1781 Hodie
528 1725 551 1780 si
567 1740 665 1780 rocem
690 1724 804 1780 Domini
821 1726 978 1792 audieritis,
994 1727 1083 1783 nolite

260 1800 403 1856 obdurare
417 1797 505 1852 corda
532 1799 634 1852 vestra.
660 1796 740 1868 Resp.
765 1797 812 1851 lsti
836 1803 904 1853 sunt
927 1799 987 1855 dies
1013 1815 1084 1881 quos

261 1872 411 1928 observare
426 1867 536 1924 debetis
549 1866 725 1937 temporibus
748 1867 817 1923 suis.
849 1871 959 1934 Quarta
973 1870 1086 1926 decima

198 2008 204 2014 ,
261 1941 354 1998 dieed
368 1955 518 2010 vesperum
532 1939 640 1995 Pascha
655 1937 768 1994 Domini
784 1944 837 2007 est,
855 1940 921 1995 etin
957 1941 1086 1997 uintade-

262 2013 338 2068 eima
353 2010 543 2067 solemnitatis
558 2009 794 2135 {solemnitatem}
810 2010 990 2067 celebrabitis
1003 2012 1087 2067 nilis·

262 2083 337 2140 simo
349 2082 482 2139 Domino.
501 2081 574 2138 νενε.
587 2082 707 2136 Locutus
717 2086 761 2137 est
796 2082 909 2138 ominus
922 2084 959 2138 ad
971 2085 1088 2156 Moysen

263 2156 375 2213 dicens:
392 2155 521 2225 Loquere
530 2151 698 2217 liliislsreel,
713 2158 741 2207 et
750 2151 826 2207 dices
839 2154 875 2207 ad
888 2169 946 2209 eos.
963 2156 1082 2218 Quarta.

262 2227 341 2298 Resp.
362 2222 540 2295 Multiplicati
554 2226 622 2279 sunt
636 2222 683 2292 qui
699 2222 838 2277 tribulent
852 2240 909 2287 me,
923 2228 952 2281 et
965 2225 1064 2281 dicunt
1079 2240 1085 2278 :

263 2299 326 2353 Non
339 2294 469 2351 estsalns
484 2293 522 2348 illi
540 2292 570 2348 in
584 2293 641 2347 Deo
656 2293 728 2418 celus.
741 2295 875 2364 Exsurge,
891 2295 1022 2363 Domine,
1034 2295 1086 2351 sal-

264 2385 331 2423 vum
344 2381 391 2421 me
407 2364 461 2428 tac,
478 2365 552 2420 Deus
563 2379 653 2419 meus.
686 2379 740 2418 ers.
756 2364 798 2419 Ne
808 2367 924 2435 quando
939 2367 1016 2422 dieat
1030 2366 1087 2422 ini·

264 2438 357 2494 micus
368 2452 462 2491 mens:
472 2430 609 2489 Praeralni
625 2435 760 2489 adversus
770 2452 846 2490 eum.
860 2436 993 2508 Exsurge.
1006 2439 1086 2509 Resp.

265 2507 319 2574 Qui
334 2506 533 2562 custodiebant
545 2504 674 2560 animam
682 2521 785 2570 meam,
800 2507 1089 2564 consilinmlecerunt

262 2578 410 2644 inunum,
426 2577 571 2632 dicentes:
589 2577 662 2632 Deus
678 2576 829 2648 dereliquit
844 2594 929 2645 enm;
946 2579 1089 2651 persequi-

263 2650 336 2705 mini
351 2654 380 2706 et
391 2648 624 2719 comprehendite
636 2664 713 2713 eum,
729 2648 795 2719 quia
809 2666 867 2705 non
880 2655 922 2705 est
932 2651 979 2721 qni
988 2651 1089 2706 liberet

264 2738 340 2778 eum.
356 2721 431 2777 Deus
444 2735 534 2784 meus,
549 2735 585 2775 ne
596 2718 736 2791 elongeris
751 2738 768 2774 a
782 2737 846 2791 me;
864 2720 938 2777 Dens
952 2739 1042 2789 meus,
1057 2721 1087 2778 in

264 2792 438 2866 adjmorium
452 2806 550 2846 meum
562 2790 689 2845 intende.
709 2790 784 2846 νενε.
796 2790 902 2847 Omnes
914 2792 1021 2847 inimici
1031 2792 1088 2848 mei

264 2866 417 2921 adversum
431 2859 811 2933 mecogitabantmslemibi
820 2879 826 2917 :
835 2864 1087 2935 verbnminiquum

263 2933 789 3002 mandaveruntadrersumme,772
801 2932 1088 3005 direntes.Perseqni-

262 3006 347 3063 mini.
366 3005 444 3074 Resp.
471 3003 594 3128 iugulor
609 3006 638 3058 et
652 3007 797 3073 susceptor
811 3020 892 3059 meus
916 3010 947 3060 tu
972 3022 1013 3069 es,
1034 3007 1087 3061 Do-

261 3076 351 3142 mine,
368 3079 396 3130 et
408 3075 437 3128 in
461 3089 510 3128 rer
530 3089 579 3128 um
595 3076 676 3127 tunm
691 3074 813 3143 sperari.
837 3075 982 3131 Declinate
998 3094 1015 3131 a
1029 3093 1086 3143 me,

260 3146 393 3218 maligui,
408 3149 436 3200 et
446 3145 595 3200 scrutabor
609 3144 749 3199 mandata
762 3145 813 3201 Dei
823 3146 891 3202 mei.
911 3146 989 3203 Vera.
1007 3148 1088 3217 Eripe

261 3235 309 3274 me
320 3218 356 3273 de
368 3214 492 3271 inimicis
508 3214 589 3281 meis,
600 3215 674 3269 Deus
686 3230 778 3281 mens,
788 3220 817 3271 et
829 3218 866 3271 ab
876 3217 1088 3288 insurgentibus

263 3289 293 3345 in
310 3305 356 3343 me
372 3287 461 3343 libera
476 3301 532 3341 me.
549 3284 702 3341 Declinete.
716 3287 794 3357 Resp.
816 3286 917 3343 ludica
932 3305 988 3353 me,
1005 3292 1086 3353 Deus,

264 3364 293 3415 et
307 3358 434 3414 discerne
448 3372 565 3412 censam
581 3372 677 3411 meam
699 3358 832 3430 degente
849 3375 905 3414 non
920 3365 1029 3415 saneta.
1046 3361 1087 3416 nb

263 3429 381 3487 bomine
395 3428 493 3499 iniquo
507 3432 535 3483 et
550 3428 649 3483 doloso
664 3427 740 3499 eripe
755 3445 811 3496 me,
839 3430 906 3501 qnia
920 3436 950 3485 tu
968 3447 998 3486 es
1016 3431 1089 3486 Dens

250 3507 346 3558 'meus
362 3505 390 3557 et
405 3499 540 3555 fortitudo
555 3515 631 3554 mea.
651 3498 726 3555 νενε.
740 3499 845 3556 Emitte
860 3500 951 3557 lucem
968 3505 1090 3569 tuamet

264 3572 417 3629 veritatem
432 3575 522 3626 tuam.
539 3569 612 3635 Quia
625 3574 655 3625 tu
669 3586 708 3626 es.
722 3570 802 3641 Resp.
819 3574 890 3628 Deus
905 3589 986 3628 meus
1001 3590 1031 3628 es
1046 3578 1087 3638 tu,

266 3661 303 3700 ne
318 3643 447 3699 discedas
462 3658 479 3697 a
495 3657 551 3706 me,
567 3640 704 3713 quoniam
722 3641 867 3698 tribulatio
890 3643 1022 3715 proxima
1036 3648 1088 3708 est,

267 3718 297 3773 et
310 3730 368 3769 non
381 3718 425 3769 est
438 3713 487 3784 qni
502 3712 627 3782 adjuvet.
649 3712 723 3768 Vere.
742 3713 815 3769 Deus
831 3730 920 3780 meus,
939 3715 1047 3785 respice
1060 3714 1089 3769 in

268 3802 335 3853 me;
350 3801 438 3868 quare
463 3799 510 3839 me
531 3782 733 3854 dereliquisti?
758 3785 854 3867 Longe
873 3787 995 3841 asalute
1007 3802 1086 3843 mea.

269 3859 411 3924 Quoniam
427 3855 492 3910 trib.
510 3855 587 3925 Resp.
601 3856 676 3910 Deus
689 3871 780 3923 meus,
796 3871 872 3926 eripe
887 3859 983 3913 mede
1003 3874 1091 3912 mann

268 3927 436 4011 peccatoris,
466 3929 494 3981 et
517 3927 553 3982 de
568 3941 655 3981 manu
684 3930 785 3980 contra
807 3925 900 3998 legem
929 3928 1040 3998 agentis
1063 3930 1092 3983 et

268 3997 367 4070 miqui,
383 3996 563 4069 qnoniamtu
587 4013 617 4053 es
640 3996 868 4067 patientiamea.
904 3999 981 4054 νενε.
1010 3999 1092 4069 Eripe

269 4086 316 4126 me
331 4070 366 4126 de
381 4068 504 4124 inimicis
518 4067 600 4133 meis,
623 4075 654 4123 nt
669 4084 763 4138 snpra.
779 4068 933 4132 Quoniam.
960 4071 1036 4142 Resp.
1051 4071 1092 4125 Ne

269 4142 372 4214 perdas
387 4139 563 4209 cumimpiis,
573 4141 656 4201 Deus,
666 4138 795 4194 animam
803 4144 1017 4207 meam‚etcum
1027 4141 1093 4196 viris

270 4210 542 4283 sanguinumritam
552 4226 647 4265 meam
660 4227 667 4277 ;
678 4210 788 4266 redime
798 4227 854 4276 me,
870 4211 1001 4267 Domine.
1019 4212 1092 4267 t'erx.

271 4284 354 4354 Eripe
370 4299 426 4350 me,
440 4281 570 4346 Domine,
586 4282 622 4335 ab
641 4280 759 4336 homine
778 4281 865 4345 malo,
891 4282 982 4338 urire
996 4283 1094 4365 iniquo

272 4354 362 4409 libera
375 4368 431 4407 me.
447 4351 576 4407 Redime.
593 4352 669 4421 Resp.
686 4353 756 4407 Tota
780 4352 826 4407 die
840 4352 1026 4408 contristatus
1050 4371 1095 4408 m-

272 4423 432 4497 grediebar,
445 4421 576 4487 Domine,
599 4420 735 4492 quoniam
758 4420 856 4478 anima
869 4439 934 4478 mea
953 4425 1096 4495 completa

864 225 999 292 sanent
1018 226 1190 295 onucoan
1210 230 1329 294 MAGNI
1387 300 1394 305 ,

1880 240 1929 308 no

1084 366 1109 432 Α
1124 383 1218 438 snpra.
1234 365 1314 438 Resp.
1339 364 1457 423 Parilice
1471 367 1661 438 loquebantur
1675 367 1744 423 mihi
1759 369 1860 428 inimici
1869 375 1930 441 mei,

1125 444 1152 495 et
1168 438 1195 493 in
1212 439 1254 493 ira
1271 437 1384 493 molesti
1399 444 1482 495 erant
1496 439 1577 495 milri.
1590 440 1701 503 Vidisti,
1716 442 1842 507 Domine,
1855 461 1888 500 ne
1901 448 1933 502 si-

1125 511 1196 573 leas,
1212 526 1247 565 ne
1260 511 1389 565 discedas
1411 527 1427 564 a
1444 528 1490 565 me
1531 510 1606 567 νενε.
1631 511 1735 567 Omnes
1755 512 1858 569 inimici
1884 516 1933 572 mei

1127 583 1278 640 adversum
1292 598 1348 636 me.
1361 582 1439 652 Resp.
1467 583 1524 637 Fac
1547 598 1669 647 mecum,
1687 583 1813 648 Domine,
1831 586 1933 656 signum

1127 653 1254 723 inbono,
1268 659 1299 712 ut
1312 652 1428 708 videant
1438 653 1485 723 qni
1498 669 1545 708 me
1556 654 1677 708 oderunt
1688 659 1716 709 et
1725 655 1933 725 contundantur,
2019 712 2020 715 ,

1128 724 1265 797 quoniam
1279 732 1320 788 tn,
1336 724 1467 789 Domine,
1483 724 1617 795 adjuvisti
1634 741 1688 789 me,
1705 728 1898 783 etconsolutus
1910 746 1935 784 es
2019 734 2020 771 ἲ

1129 813 1185 852 me.
1208 796 1282 855 νενε.
1296 796 1413 866 Respice
1425 795 1454 850 in
1469 812 1525 860 me,
1540 799 1568 851 et
1578 796 1713 852 miserere
1727 797 1798 878 mei,
1809 799 1935 868 qniauni-
2019 812 2020 859 l

1129 884 1178 924 cus
1202 876 1231 925 et
1246 885 1352 942 pauper
1367 883 1430 921 snm
1447 884 1508 937 ego.
1525 868 1606 940 Resp.
1623 869 1746 923 Doceam
1761 867 1868 939 iniquos
1883 871 1937 925 rias
2019 868 2020 925 l

1130 944 1205 1003 tuas,
1222 947 1250 997 et
1260 939 1340 1010 impii
1355 939 1391 993 ad
1405 943 1432 992 te
1449 944 1659 993 convertentur.
1671 939 1770 993 Libera
1781 957 1824 995 me
1838 940 1871 996 de
1882 958 1937 995 san·
2019 944 2020 951 ’

1131 1011 1273 1083 guinibus,
1285 1015 1357 1067 Deus
1368 1008 1468 1064 salutis
1478 1026 1561 1064 mere.
1578 1010 1649 1064 l'ers.
1662 1010 1791 1075 Domine,
1800 1011 1870 1066 lubia
1881 1028 1937 1067 mea

1131 1085 1284 1152 aperies,et
1292 1100 1323 1138 os
1334 1096 1430 1136 meum
1439 1080 1745 1136 annuntiabitlaudem
1754 1084 1938 1139 tuambibera

1131 1170 1189 1210 me.
1206 1156 1284 1226 Resp.
1300 1151 1477 1208 Praecinxisti
1491 1168 1536 1207 me
1551 1151 1654 1207 virtute
1667 1154 1703 1207 ad
1718 1152 1830 1217 bellum,
1847 1159 1873 1209 et
1884 1170 1939 1225 sup
2019 1192 2020 1199 .

1133 1227 1268 1298 plantasti
1284 1223 1415 1280 inimicos
1426 1239 1505 1279 meos
1530 1223 1629 1278 subtus
1644 1239 1700 1279 me.
1717 1224 1751 1277 Et
1772 1223 1939 1280 inimicorum
2019 1232 2020 1275 1

1133 1314 1266 1353 meorum
1281 1294 1383 1351 dedisti
1398 1293 1469 1348 mibi
1478 1295 1602 1359 dorsum,
1613 1294 1778 1350 etodientes
1791 1312 1834 1351 me
1844 1297 1939 1366 dispcr-
2019 1304 2020 1367 ff

1134 1368 1242 1425 didisti.
1262 1367 1334 1424 Vera.
1350 1370 1506 1437 Persequar
1519 1364 1651 1421 inimicos
1673 1382 1763 1430 meos,
1779 1370 1807 1421 et
1828 1382 1941 1437 compre
2019 1372 2020 1375 ’

1135 1440 1260 1495 bendum
1268 1438 1373 1502 illos,et
1383 1453 1440 1491 non
1450 1440 1599 1491 convertar
1609 1438 1700 1492 donec
1712 1437 1851 1493 deliciunt.
1862 1436 1941 1492 Elini·
2019 1478 2020 1489 .

1135 1511 1288 1566 micorum.
1302 1510 1382 1579 Resp.
1392 1507 1540 1563 biberetur
1554 1524 1634 1564 meus
1649 1509 1685 1563 de
1699 1509 1829 1579 gentibus
1845 1508 1941 1563 iracun·
2019 1526 2020 1559 ;

1136 1582 1190 1645 dis,
1207 1583 1242 1637 ab
1257 1580 1467 1651 insurgentibus
1482 1578 1511 1633 in
1536 1594 1582 1633 me
1597 1578 1687 1633 libera
1702 1596 1759 1637 me.
1780 1581 1852 1635 Vere.
1873 1578 1942 1649 Eripe
2019 1600 2020 1655 χ

1136 1670 1183 1709 me
1198 1653 1233 1709 de
1246 1651 1369 1707 inimicis
1377 1651 1458 1705 meis.
1470 1649 1744 1720 Abinsurgentibus.
1759 1651 1837 1723 Reap.
1856 1652 1943 1706 Erues

1097 1720 1120 1778 B
1137 1724 1259 1792 tramea,
1275 1725 1349 1778 Deus
1365 1723 1492 1776 animam
1505 1737 1610 1783 meam,
1627 1723 1699 1776 etde
1710 1738 1798 1777 manu
1809 1721 1880 1777 canis
1891 1718 1943 1775 uni·
2019 1728 2020 1741 ¹

1138 1813 1201 1851 cam
1215 1792 1525 1861 meam,bumilitatem
1538 1809 1643 1847 meam.
1658 1793 1733 1847 Vera.
1746 1794 1830 1864 Eripe
1840 1807 1890 1856 me,
1900 1792 1944 1845 Do-
2019 1818 2020 1827 ν

1140 1866 1228 1931 mine,
1242 1867 1276 1921 ab
1291 1863 1418 1919 bomine.
1435 1864 1514 1934 Resp.
1528 1864 1624 1918 Deore
1634 1863 1725 1919 leonis
1738 1864 1825 1919 libera
1837 1879 1888 1925 me,
1900 1863 1945 1917 Do·
2019 1888 2020 1907 i

1140 1939 1228 2002 mine,
1244 1935 1438 1992 etacornibus
1453 1934 1634 1989 unicornium
1650 1935 1839 1990 humilitatem
1851 1948 1943 1988 meam.
2019 1956 2020 1963 ο

1144 2009 1218 2065 νενε.
1235 2009 1306 2063 Ενοε
1322 2024 1339 2061 a
1353 2005 1472 2061 tramea.
1491 2006 1569 2076 Rerp.
1586 2005 1733 2076 Principes
1748 2004 1878 2077 persecuti
1889 2006 1945 2059 sunl
2019 2056 2020 2081 ,

1141 2098 1188 2136 me
1201 2078 1300 2151 gratis,
1314 2082 1342 2132 et
1355 2076 1475 2131 arerbis
1488 2075 1544 2131 tuis
1560 2076 1728 2131 formidarit
1738 2094 1786 2132 cor
1795 2075 1946 2132 meumLe·
2019 2088 2020 2113 t

1141 2153 1224 2207 tabor
1238 2166 1290 2222 ego
1304 2165 1388 2219 super
1398 2147 1512 2218 eloquia
1524 2151 1582 2202 tua.
1604 2147 1678 2203 νονε.
1696 2148 1780 2214 Quasi
1794 2148 1840 2219 qui
1852 2143 1947 2201 invenit
2019 2198 2020 2213 ,

1142 2222 1234 2293 spolia
1249 2220 1351 2275 multa.
1369 2220 1458 2289 773
1475 2219 1613 2273 laetabor.
1630 2221 1714 2289 Resp.
1728 2221 1871 2290 Usquequo
1883 2215 1946 2296 exal3
2019 2226 2020 2247 ¹

1142 2293 1251 2349 labitur
1260 2284 1393 2346 inimicus
1406 2306 1487 2344 mens
1502 2306 1588 2360 super
1599 2289 1670 2345 me?
1684 2290 1799 2359 Respice
1817 2295 1844 2344 et
1857 2287 1946 2343 exandr

1142 2382 1199 2428 mc,
1213 2363 1334 2418 Domine
1348 2363 1423 2418 Deus
1436 2376 1525 2416 meus.
1547 2360 1621 2416 Vera.
1636 2362 1692 2426 Qui
1705 2362 1839 2417 tribulant
1853 2375 1893 2413 me
1906 2373 1947 2411 ex·

1142 2436 1290 2491 saltabunt
1303 2433 1327 2487 si
1340 2437 1431 2487 motus
1444 2432 1532 2486 luero.
1549 2432 1605 2503 Ege
1616 2440 1715 2489 aulem
1730 2432 1758 2488 in
1772 2427 1947 2487 misericordia

1142 2511 1192 2562 tue
1203 2504 1325 2577 sperari.
1342 2503 1468 2575 Respice.

1411 2592 1489 2649 νενειΙ
1506 2592 1691 2653 declinutorii.

1181 2685 1257 2741 νενε.
1273 2683 1356 2753 Eripe
1368 2698 1415 2738 me
1428 2683 1464 2737 ab
1479 2680 1595 2737 homine
1611 2683 1701 2738 malo.
1729 2682 1800 2739 νενε.
1821 2680 1896 2751 Eripe
1908 2690 1947 2731 rne
2017 2700 2018 2705 ¹

1143 2758 1178 2812 de
1193 2755 1316 2812 inimicis
1329 2754 1408 2811 meis.
1426 2755 1499 2809 Deus
1515 2770 1605 2809 meus.
1626 2753 1705 2810 νενε.
1720 2755 1790 2810 Erae
1805 2771 1821 2809 a
1836 2752 1944 2808 tramea.

1146 2829 1219 2886 Vere.
1235 2829 1275 2883 De
1286 2842 1335 2881 ore
1358 2824 1458 2881 leonis.

1284 2914 1450 2985 Antiphone
1465 2915 1496 2968 in
1518 2914 1661 2969 matutinis
1676 2913 1823 2970 Laudibus.

1177 3004 1293 3075 Antipb.
1309 3002 1389 3067 Vide,
1406 3001 1537 3064 Domine,
1555 3002 1746 3059 alssictionem
1770 3017 1870 3067 meam,
1887 3013 1948 3080 quo·

1105 3076 1127 3137 C
1143 3076 1222 3131 niam
1236 3078 1346 3130 erectus
1359 3078 1401 3129 est
1414 3073 1547 3128 inimicus
1563 3090 1652 3129 niens.
1663 3076 1734 3129 Ant.
1746 3075 1775 3128 ln
1786 3072 1949 3127 tribulatione

1143 3146 1273 3203 invocari
1292 3144 1457 3210 Dominum,
1481 3148 1508 3201 el
1524 3145 1668 3199 exaudivit
1687 3146 1774 3202 mein
1799 3141 1945 3198 latitudine.

1143 3216 1365 3281 Antludicasti,
1379 3216 1509 3279 Domine,
1525 3232 1641 3270 causam
1653 3217 1761 3272 animae
1774 3232 1840 3269 mere
1851 3231 1857 3278 ;
1869 3211 1950 3267 delen·

1143 3290 1268 3345 sorvitae
1283 3304 1366 3352 mem,
1395 3287 1526 3352 Domine,
1556 3289 1629 3342 Deus
1653 3304 1747 3343 meus.
1776 3288 1840 3341 Ant.
1861 3280 1949 3353 Populo

1143 3377 1234 3425 meus,
1249 3358 1316 3430 qnid
1343 3357 1395 3413 feci
1424 3357 1499 3412 tibi?
1514 3362 1569 3412 but
1583 3357 1650 3429 quid
1678 3359 1815 3413 molestus
1836 3353 1891 3411 luit
1905 3368 1950 3407 res·

1144 3432 1237 3504 ponde
1254 3429 1333 3484 mibi.
1343 3431 1410 3484 Ant.
1419 3429 1552 3501 Nunquid
1565 3429 1696 3484 redditur
1705 3447 1755 3500 pro
1768 3431 1839 3484 bono
1851 3423 1948 3481 mulum.

1143 3502 1211 3575 quia
1226 3501 1360 3557 foderunt
1376 3500 1489 3555 loreum
1505 3500 1607 3556 animae
1620 3516 1704 3557 mese.

1454 3587 1489 3643 ln
1502 3589 1659 3660 Evangelio.

1179 3678 1295 3750 Antipb.
1310 3676 1363 3743 Qui
1383 3683 1425 3732 est
1448 3694 1481 3733 ex
1503 3679 1560 3732 Deo
1574 3680 1659 3734 rerba
1677 3676 1727 3734 Dei
1743 3676 1830 3739 audit,
1845 3690 1889 3729 ros
1901 3685 1949 3754 non

1145 3749 1251 3807 auditis
1261 3749 1329 3819 quia
1352 3766 1384 3805 ex
1397 3749 1455 3804 Deo
1471 3749 1620 3804 nonestis.
1636 3751 1705 3803 Ant.
1723 3750 1779 3820 Ego
1794 3750 1950 3802 danicarum

1146 3838 1204 3877 non
1219 3822 1321 3885 habeo,
1337 3822 1387 3874 sed
1405 3820 1560 3875 honorifico
1576 3824 1690 3890 patrem
1713 3837 1818 3881 meum,
1835 3817 1896 3871 dicit
1910 3818 1951 3891 Do

1146 3892 1335 3947 minuerint.
1352 3892 1407 3964 Ego
1422 3891 1544 3962 gloriam
1561 3908 1726 3946 meamnon
1743 3905 1851 3962 quaero;
1866 3890 1902 3941 est
1911 3898 1951 3962 qn}

1146 3967 1258 4035 quaerat
1269 3967 1298 4017 et
1304 3962 1426 4034 judicet.
1440 3962 1507 4017 Ant.
1525 3964 1628 4021 Arnen.
1657 3979 1744 4019 amen
1760 3962 1822 4017 dico
1843 3958 1922 4037 robis.
1933 3969 1952 4007 ει

1147 4034 1210 4105 quis
1221 4049 1383 4089 sermonem
1397 4049 1494 4088 meum
1511 4033 1677 4095 servaverit,
1690 4037 1811 4089 mortem
1824 4046 1875 4087 non
1889 4027 1952 4081 ude·

1147 4104 1228 4161 bitin
1239 4110 1387 4159 aeternum.
1403 4105 1471 4160 Ant.
1488 4103 1633 4159 Abrabam
1651 4111 1731 4175 pater
1745 4107 1834 4160 vester
1847 4097 1953 4156 exsulta·

1148 4177 1188 4232 rit
1203 4180 1234 4230 ut
1246 4175 1436 4231 riderctdiem
1450 4192 1544 4230 meum
1553 4192 1561 4241 ;
1578 4176 1647 4230 vidit
1661 4182 1692 4231 et
1703 4177 1830 4245 gravisus
1839 4177 1886 4228 esl.
1896 4170 1952 4223 Ant.

1149 4245 1362 4317 Quinquaginta
1383 4262 1474 4300 annos
1496 4248 1623 4301 nondum
1649 4247 1748 4307 babes,
1774 4251 1802 4301 ct
1825 4240 1953 4299 Abrabam

1149 4317 1243 4373 vidisti
1257 4317 1370 4372 tamen
1382 4318 1445 4372 dico
1454 4317 1544 4380 robis,
1558 4322 1712 4387 antequam
1727 4317 1867 4372 Abrabam
1878 4310 1953 4371 lieret,

1149 4391 1207 4461 Ego
1218 4405 1292 4445 sum.
1303 4388 1370 4442 Ant.
1384 4388 1636 4459 Tulerunllapides
1647 4396 1676 4443 ut
1684 4390 1816 4471 jacerent
1830 4386 1953 4440 inlesum.

1112 4433 1134 4491 D

1150 4464 1229 4517 lesus
1242 4465 1338 4514 entem
1353 4459 1502 4515 abscondit
1521 4476 1561 4527 se,
1575 4464 1603 4515 et
1617 4461 1704 4515 exient
1714 4462 1749 4515 de
1766 4457 1877 4528 templo.
1892 4454 1949 4534 Ant.

1151 4532 1251 4587 Libera
1266 4547 1321 4594 me,
1334 4529 1465 4593 Domine,
1482 4535 1511 4585 et
1526 4547 1598 4601 pone
1611 4548 1657 4586 me
1668 4534 1752 4601 juxta
1765 4534 1812 4597 tc;
1837 4533 1864 4583 et
1876 4537 1954 4603 cujus·

1150 4603 1192 4658 ris
1208 4618 1328 4671 magnus
1343 4606 1450 4672 pugnet
1466 4607 1565 4656 contra
1581 4618 1638 4656 me.
1653 4602 1722 4657 Ant.
1747 4599 1856 4655 Animae
1868 4597 1955 4665 impro-

1149 4690 1213 4729 rum
1230 4671 1392 4727 tremebant
1403 4673 1554 4729 adversum
1569 4689 1635 4739 me;
1659 4677 1687 4728 et
1702 4676 1851 4743 gravatum
1865 4669 1904 4725 est
1915 4676 1955 4718 cor

1150 4760 1249 4801 meum
1263 4759 1347 4816 snper
1358 4759 1417 4815 eos.

273 4497 317 4553 est
328 4492 516 4558 illusionibus,
531 4496 560 4547 et
574 4493 631 4546 rim
648 4491 844 4564 iaciebantqni
860 4495 1024 4565 querebant
1036 4495 1096 4550 ani·

274 4581 354 4622 mem
369 4580 476 4619 meam.
498 4564 571 4618 νονε.
588 4563 622 4617 Et
642 4562 691 4634 qui
714 4562 898 4634 inquirebant
925 4566 1002 4620 mala
1024 4565 1096 4622 mihi

274 4634 362 4693 locuti
376 4639 443 4692 sunt
457 4633 609 4699 vanitates,
623 4639 651 4690 et
662 4633 861 4691 dolestotedie
874 4634 1095 4694 meditabantur.

275 4709 310 4764 Et
325 4706 393 4761 vim.
403 4706 483 4777 Resp.
494 4704 556 4760 Non
572 4710 683 4762 avertas
696 4704 798 4761 faciem
812 4710 891 4762 tuam
904 4723 921 4760 a
932 4723 1020 4790 puero
1034 4713 1095 4774 tuo,

276 4775 1092 4848 Domine,quoniamtribulor‚velociterexaudime.Vera.

277 4848 360 4918 Eripe
377 4863 419 4904 me
432 4848 468 4903 ab
483 4846 601 4902 homine
616 4847 700 4913 malo,
717 4847 853 4918 qnoniam
869 4848 997 4904 tribulor.
1014 4851 1096 4921 Rasp.
1428 4833 1494 4887 mm
1508 4832 1544 4887 “d
1561 4833 1696 4904 Vesperos.

276 4923 309 4977 ln
324 4917 455 4989 proximo
470 4923 513 4973 est
526 4917 673 4974 tribulatio
694 4934 772 4989 mea,
785 4919 917 4985 Domine,
933 4924 961 4976 et
975 4937 1033 4976 non
1055 4923 1100 4977 est
1187 4920 1452 4993 Antiplr.Egosnm
1476 4922 1578 4976 Pastor
1597 4922 1698 4983 bonus,
1728 4920 1775 4992 qui
1798 4933 1878 4990 pasco
1900 4925 1955 4968 oret

278 4989 327 5119 qni
338 4990 473 5059 adjuret3
489 4994 520 5044 ut
535 4988 647 5045 lodiaut
660 5006 760 5045 manus
775 5007 854 5047 meas
864 4996 893 5047 et
906 4993 991 5062 pedes
1002 5008 1094 5050 meos.
1153 5009 1243 5058 meas,
1260 4996 1347 5063 etpro
1362 4992 1461 5047 ovibus
1477 4992 1548 5047 meis
1561 4992 1772 5062 ponoanimam
1785 5005 1884 5044 nream.
1899 4984 1954 5066 tot

300 5061 381 5118 ibera
393 5077 440 5116 me
454 5060 489 5116 de
510 5075 559 5118 ore
573 5059 673 5125 leonis,
699 5065 731 5117 ut
758 5078 873 5118 narrem
899 5078 1004 5118 nomen
1017 5068 1100 5120 tuum
1153 5063 1257 5135 Vulpes
1269 5062 1367 5119 loreas
1383 5063 1497 5127 babent,
1511 5070 1538 5118 et
1554 5063 1679 5118 volucres
1693 5062 1758 5119 caeli
1770 5061 1850 5116 nidos
1865 5055 1957 5121 ;F1l1us

279 5132 416 5188 tratribus
431 5130 509 5186 meis.
522 5131 597 5188 νονε.
613 5133 696 5198 Dens,
711 5133 1098 5205 Deusmeus,respiceinme;
1154 5144 1250 5191 autem
1264 5134 1389 5189 hominis
1405 5151 1461 5189 non
1477 5134 1572 5191 babet.
1588 5135 1635 5189 nbi
1655 5138 1741 5204 ceput
1755 5132 1880 5188 reclinet.
1895 5126 1953 5181 tut.

280 5220 369 5275 quere
383 5220 430 5259 me
443 5202 642 5286 dereliquisti?
656 5203 739 5274 longe
760 5219 778 5261 a
792 5206 883 5260 salute
909 5221 984 5261 mea.
1000 5204 1101 5262 bibere
1153 5206 1320 5261 Narrabitnr
1332 5203 1399 5277 quid
1411 5204 1588 5260 lecitmulier
1599 5204 1656 5269 illa,
1671 5203 1957 5275 ingenerationem

280 5291 338 5331 me.
352 5274 431 5344 Resp.
448 5274 479 5329 ln
494 5278 523 5330 te
534 5279 659 5346 jactatus
671 5291 775 5331 sumex
790 5279 881 5340 utero,
893 5276 1101 5334 devenirema-
1154 5277 1293 5332 culorum.
1311 5278 1379 5331 Ant.
1398 5276 1477 5332 Sicut
1491 5277 1630 5331 exaltatus
1645 5279 1687 5331 est
1698 5290 1814 5345 serpens
1826 5274 1853 5327 in
1864 5280 1956 5328 eremo,

280 5345 334 5405 tris
344 5362 416 5402 meae
430 5346 503 5402 Deus
519 5362 600 5402 meus
611 5362 641 5402 es
654 5351 683 5402 tu
699 5363 707 5413 ;
721 5361 758 5401 ne
779 5346 940 5403 discedasa
963 5363 1020 5412 me,
1036 5364 1101 5418 qno·
1154 5348 1195 5405 ita
1206 5346 1556 5418 exaltarioportetFiliom
1572 5345 1706 5402 bominis.
1720 5348 1788 5400 Ant.
1803 5344 1958 5416 Patersape

281 5418 360 5473 niem
369 5417 516 5473 tribulatio
532 5416 662 5488 proxima
674 5422 727 5483 est,
739 5421 835 5473 etnon
851 5421 894 5473 est
907 5416 955 5487 qui
972 5418 1100 5490 adjuvet.
1153 5421 1285 5477 tessere
1312 5435 1360 5475 eos
1388 5419 1416 5473 in
1441 5419 1558 5473 nomine
1582 5423 1641 5481 tuo,
1662 5418 1739 5487 quod
1767 5418 1774 5486 [
1797 5413 1855 5495 uos]
1868 5408 1956 5465 dedrslt

286 5488 858 5555 Vers.Erueairamea,Deus,animam
883 5504 989 5555 meam,
1019 5489 1100 5545 etde
1155 5490 1314 5546 mihidnt.
1332 5489 1693 5559 RogariPatremmeum
1719 5503 1755 5542 ne
1776 5433 1957 5565 inficiandum

280 5575 369 5615 mann
386 5558 586 5614 cenisnnicem
601 5558 1098 5629 meam.Quoninmnibulanoanp.
1154 5564 1214 5626 lua,
1231 5563 1321 5616 Petro.
1338 5562 1406 5616 Ant.
1426 5561 1456 5616 Si
1471 5559 1541 5615 mibi
1562 5576 1618 5614 non
1631 5558 1755 5621 creditis,
1771 5556 1897 5624 operibus
1909 5560 1957 5601 crt-

281 5629 350 5685 Vide
363 5628 430 5701 quia
445 5627 822 5695 tribulor,relociterexaudi
838 5643 885 5684 me
897 5645 903 5697 ;
915 5627 1032 5688 intende
1039 5629 1100 5687 ani·
1154 5630 1292 5703 ditequae
1303 5648 1356 5703 ego
1365 5631 1438 5687 facio
1447 5631 1475 5685 in
1490 5630 1681 5702 nomineejus.
1693 5631 1760 5683 Ant.
1773 5628 1870 5704 Pastor
1879 5623 1956 5676 bonus

279 5715 335 5758 me
348 5716 420 5759 meae
431 5706 460 5757 et
472 5698 913 5781 liberaeu'm,propterinimicos
928 5704 1102 5774 mensur-ipe
1156 5704 1284 5758 enimam
1298 5720 1379 5759 snam
1395 5701 1490 5773 posuit
1504 5719 1555 5773 pro
1568 5702 1666 5757 oribus
1682 5699 1748 5754 suis.
1766 5698 1830 5752 Ant.
1840 5696 1866 5751 Si
1884 5703 1956 5758 opor·

279 5783 337 5838 me,
352 5769 483 5829 immine·
503 5770 580 5831 Vett-
607 5772 690 5844 ΕΝΡΘ
716 5786 765 5829 me
790 5770 825 5833 dt
839 5770 963 5835 inimicis
974 5772 1057 5843 meis,
1070 5779 1102 5834 nt
1155 5774 1242 5837 tuerit
1255 5789 1302 5833 me
1312 5773 1386 5833 mori
1400 5778 1506 5842 tecum,
1521 5788 1580 5830 non
1594 5776 1622 5831 te
1636 5771 1757 5844 negabo,
1768 5762 1956 5826 nominemus
