4136 6180
158 260 217 320 889
368 322 375 337 .
546 254 583 316 ΙΝ
604 256 769 319 cantatu
790 254 973 317 nonatum
994 252 1285 321 COMMENTARIUS
1306 256 1485 324 PRAEVIUS.
1808 267 1866 326 890

158 384 369 462 pontilee'venil
383 385 419 441 ed
431 385 530 453 uitare,
545 388 679 461 accipiens
692 405 735 445 am
777 388 844 444 llam
861 388 985 454 vitreum,
1002 389 1027 453 Α
1041 390 1158 460 cooperit
1168 389 1424 449 Sanetadesindone
1430 394 1721 466 armaturarum
1727 394 1869 468 presbyter

161 463 345 534 quaintusse
367 459 484 514 continet
497 459 630 531 quoddam
654 477 734 516 ooeou
749 477 792 517 um
818 476 944 530 aureum,
963 468 988 515 et
1042 459 1115 515 lavet
1128 477 1236 527 manus,
1252 463 1868 538 etdiaeonusvadatodoltare‚etdisouoperiat

162 531 361 587 monseuloest
376 529 593 601 lapispretiosus
617 549 756 597 manvus,
771 531 907 589 etinilla
929 532 988 587 eori-
1041 530 1868 607 Sancta;etpresbpterveniotantealtare,etdioidatoblotn
1930 542 1932 551 '

161 605 276 658 cavitate
292 600 390 673 lapidis
401 606 439 655 est
452 603 565 672 sompnis
574 603 682 659 Cbristi
692 604 844 675 diligenter
857 603 985 670 inclusus,
1042 601 1077 657 ad
1088 602 1284 674 frangendum,
1300 612 1327 662 et
1340 608 1515 663 communicet
1529 608 1658 680 omnisp
1713 610 1754 663 lus
1767 608 1869 664 ordine

161 674 324 748 ubidicitur
336 672 494 727 miraculose
508 674 541 729 de
551 673 667 745 quadum
679 675 796 747 imagine
811 675 919 731 Cbristi
927 690 988 746 per-
1041 689 1098 739 seeo,
1114 677 1167 729 etc.
1183 675 1481 803 recognitionibus
1497 680 1650 735 crastinum
1682 678 1869 751 iligentissime

161 761 239 802 cussa
250 743 423 817 produxisse,
437 746 484 815 qui
494 745 654 802 annualiter
679 748 846 813 retrahitur,
863 753 887 801 et
910 761 988 815 repo·
1041 754 1207 812 reservetur,
1224 753 1248 802 et
1285 764 1328 803 um
1341 749 1437 804 riorus
1456 750 1583 821 l'esperae
1597 750 1768 819 dicerit‚ubi
1782 768 1868 806 reser-

161 817 243 873 nitur
254 815 296 871 ibi
308 816 338 870 in
356 814 519 871 concavitate
532 815 633 888 lapidis
657 835 728 874 orcae
742 817 831 893 [xxix]
849 834 856 886 ;
875 825 899 873 et
923 826 990 872 tunc
1041 817 1106 871 vari
1115 816 1200 882 debet,
1212 826 1375 874 veneranter
1384 820 1711 890 deporteturasncerdute
1724 822 1868 878 etdiooono

162 890 297 944 levatura
309 885 444 956 pontifice,
461 893 488 943 et
502 888 666 957 ostenditur,
681 897 712 946 ut
732 897 789 945 totu
803 888 884 945 turba
896 889 987 945 voleat
1043 904 1105 943 cum
1112 887 1224 960 reliquis
1232 891 1371 945 ministris
1383 892 1529 947 linteamen
1536 893 1745 948 mundissimum
1755 893 1868 964 desuper

163 976 226 1015 eum
241 958 338 1013 timore
347 964 372 1013 et
385 959 459 1012 ouini
473 957 614 1015 devotebne
628 961 728 1016 videre.
756 961 851 1016 Postea
865 960 990 1017 traditur
1043 958 1194 1015 tenentibus
1204 978 1214 1025 ,·
1224 966 1250 1016 et
1264 961 1311 1017 boo
1322 963 1378 1017 sine
1392 962 1533 1034 sanguine,
1549 971 1574 1019 et
1590 963 1730 1019 tburibnlo
1742 964 1776 1019 de
1789 964 1868 1019 lumi·
1892 986 1895 997 ¹

162 1028 344 1087 custodienda
357 1030 448 1099 priori
462 1036 486 1084 et
498 1030 636 1086 cunoriieis
650 1032 771 1103 ejusdem
784 1033 901 1089 ecclesia
908 1048 991 1103 usquc
1043 1030 1155 1085 naribus
1177 1031 1398 1103 praecedentibus,
1414 1051 1546 1106 mquepuo
1568 1040 1718 1101 reponatur
1734 1035 1809 1090 ubir

162 1104 194 1157 in
207 1099 405 1157 diemSabbati.
419 1101 578 1173 Tuncponti
593 1119 627 1157 ec
638 1103 676 1159 nd
687 1103 991 1175 sacrifieandumintrol
1043 1102 1163 1157 nendum
1178 1110 1225 1165 est,
1241 1110 1265 1158 et
1293 1121 1431 1176 nunquam
1444 1106 1503 1161 sine
1518 1106 1618 1162 luntine
1633 1114 1783 1163 remaneat.
1808 1052 1869 1162 iffa

162 1174 237 1229 solus
250 1173 331 1245 infra
342 1187 443 1237 arcam,
457 1178 488 1227 ut
499 1173 569 1245 signi
603 1175 743 1246 etnrquod
757 1177 786 1229 in
797 1175 884 1231 veteri
899 1175 990 1231 Testa·
1043 1174 1495 1247 usquevetusblissale,quodfuil
1504 1177 1768 1248 adusumejusdam
1776 1177 1869 1233 Eccle-

163 1252 254 1301 mento
264 1244 398 1315 scriptum
412 1250 460 1309 est,
475 1246 540 1315 petio
552 1245 625 1300 solus
636 1246 762 1372 contigere
773 1246 896 1301 intrabat
919 1245 990 1301 solus
1044 1244 1092 1300 sisa
1102 1243 1313 1318 Hirensis,quae
1322 1246 1690 1317 proindeOrdiueRomano
1700 1249 1868 1304 tuucuteba·

164 1320 195 1372 in
206 1332 278 1371 anuo
292 1314 322 1369 in
335 1315 435 1370 Sancto
448 1322 611 1381 sanctorum,
628 1321 682 1373 etc.
731 1317 847 1373 amdam
872 1317 990 1389 hujusce
1044 1319 1106 1381 tur;
1117 1315 1213 1386 paucis
1223 1316 1328 1373 additis
1334 1334 1384 1388 pro
1395 1318 1533 1389 temporis
1541 1318 1629 1375 etlucf
1635 1319 1867 1377 circumstantiis.

164 1387 236 1444 facti
251 1385 393 1442 rationem
404 1384 488 1442 affert
501 1387 683 1443 Innocentius
697 1388 798 1444 tertius
813 1388 842 1444 in
852 1388 990 1445 Sermone
1080 1388 1162 1452 Quod
1177 1387 1281 1444 attinet
1291 1390 1327 1444 ad
1338 1388 1518 1461 prenitentes,
1531 1389 1560 1445 hi
1573 1395 1640 1446 autc
1650 1390 1763 1446 blissam
1775 1391 1867 1447 Eccle-

165 1459 202 1515 de
214 1456 304 1515 Coeua
316 1456 441 1522 Domini,
450 1457 495 1513 cui
504 1458 613 1514 accedit
625 1458 792 1516 Guillelmus
800 1458 990 1515 Duraudusiu
1044 1456 1094 1513 siae
1102 1457 1375 1527 reconciliabantur,
1386 1464 1486 1516 contra
1495 1477 1560 1517 reru
1568 1460 1869 1543 processusgeucrules

165 1529 219 1586 lib.
236 1545 272 1593 m,
287 1545 318 1584 ca
342 1528 404 1586 ,itt
1045 1529 1182 1585 adversus
1196 1530 1366 1587 criminosos
1379 1530 1453 1587 flunt
1469 1536 1532 1603 post
1543 1533 1660 1587 Missam
1672 1536 1740 1588 unte
1751 1532 1871 1587 manda·

202 1545 462 1657 FactacKrismatis
490 1600 700 1668 benedictione,
725 1601 863 1674 pontifex,
888 1599 991 1657 ablutis
1045 1604 1107 1655 tum
1123 1616 1173 1656 seu
1186 1600 1363 1657 ablutionem
1379 1603 1495 1674 pedum.
1510 1603 1551 1658 De
1565 1602 1707 1676 ejusmodi
1732 1602 1871 1685 peaniten-

165 1670 314 1740 manibus,
326 1671 522 1727 revertebatur
530 1674 568 1728 ad
577 1671 678 1740 altare,
693 1672 740 1729 ubi
748 1673 990 1739 communicabat,
1047 1671 1119 1727 tium
1133 1672 1365 1728 reconciliatione
1378 1673 1438 1746 agit
1452 1674 1641 1746 Hieronymus
1656 1673 1684 1728 in
1700 1674 1820 1745 epistola
1833 1674 1870 1729 ad

167 1747 197 1800 et
210 1745 351 1814 postcom
359 1742 739 1813 omuispopulusordiriesuo,
752 1761 815 1816 quse
827 1746 915 1801 verba
927 1747 993 1799 suut
1012 1755 1033 1814 Β
1048 1746 1204 1808 Oceanum,
1231 1743 1265 1799 sle
1289 1744 1367 1799 obitu
1381 1744 1513 1813 Fabiolae,
1540 1762 1603 1816 qum
1618 1761 1733 1801 saccum
1759 1744 1869 1809 induta,

167 1813 257 1887 primi
272 1812 386 1868 Ordinis
401 1813 523 1868 Romani
533 1830 540 1881 ;
552 1823 577 1869 et
587 1815 750 1871 servabatur
760 1816 790 1871 de
801 1815 994 1887 Sanctausque
1047 1820 1078 1868 ut
1097 1829 1216 1869 errarem
1224 1814 1332 1886 publice
1346 1816 1494 1886 fateretur,
1509 1819 1566 1872 totu
1581 1817 1671 1871 urbes
1690 1822 1794 1872 estante
1819 1815 1872 1871 lfo-

168 1889 200 1941 in
214 1885 374 1940 crastinum.
389 1885 557 1940 duverodie
583 1886 649 1940 born
662 1903 735 1942 nona
755 1886 890 1959 iaciebant
905 1887 995 1941 encuti
1048 1886 1241 1956 masia,[uxx1]
1269 1893 1331 1941 ante
1346 1885 1415 1941 diem
1430 1886 1540 1941 Pascite
1556 1888 1587 1941 in
1613 1834 1726 1942 basilico
1739 1885 1872 1957 quondam

168 1957 261 2028 ignem
275 1956 305 2010 de
325 1955 414 2026 lapide
428 1956 458 2010 in
473 1956 527 2011 loco
540 1955 610 2027 suris
626 1956 774 2023 basilicam,
800 1957 839 2013 ita
853 1964 884 2012 ut
906 1964 993 2029 posset
1048 1955 1189 2021 Laterani,
1204 1957 1253 2028 qui
1266 1956 1422 2012 Camelaria
1433 1962 1575 2013 truncatus
1585 1966 1621 2013 est
1635 1957 1736 2028 plodio,
1751 1957 1827 2011 stetit
1841 1956 1872 2009 in

169 2027 285 2083 medela
297 2026 414 2091 amendi,
428 2043 461 2083 cx
486 2044 543 2098 qun
557 2028 654 2085 lumen
669 2029 832 2085 seruabatur
858 2046 938 2100 usque
965 2028 994 2083 in
1049 2026 1144 2081 ordine
1176 2028 1356 2092 annitentium,
1370 2029 1497 2099 episcopo,
1508 2028 1677 2101 presbyteris
1689 2035 1714 2083 et
1728 2027 1803 2083 omni
1845 2042 1873 2083 o·

169 2098 318 2156 Sabbatum
341 2105 463 2153 sonetum
494 2099 529 2153 ad
564 2098 775 2156 illuminandum
803 2115 918 2166 cereum,
949 2099 995 2171 qui
1048 2043 1392 2170 pubcofmemmutibm.
1406 2099 1547 2155 Eumdem
1561 2099 1649 2155 ritum
1664 2042 1882 2155 fuscdcscruzit'

170 2168 319 2226 svamm
340 2168 614 2226 benedicmduserot.
645 2171 728 2227 blodo
755 2171 897 2228 haecnori
922 2169 996 2243 iguis
1051 2170 1235 2237 Sozumenus,
1252 2169 1281 2225 in
1301 2168 1349 2225 lib.
1376 2188 1423 2237 ru,
1448 2187 1514 2243 cap.
1545 2170 1589 2235 ta,
1616 2186 1702 2241 quem
1725 2168 1873 2226 consulere

169 2238 333 2298 Benedictio
347 2239 377 2295 iu
391 2241 549 2296 Sabbatum
562 2240 655 2313 ipsum
669 2241 835 2298 remittitur.
1051 2256 1109 2296 nnn
1120 2239 1235 2322 pigebit.
1252 2239 1417 2297 Solemuem
1435 2240 1561 2297 formam
1577 2240 1743 2298 absolvendi
1758 2240 1813 2296 bac
1827 2238 1873 2295 die

209 2314 243 2371 Iu
256 2310 373 2394 uulgato
385 2311 491 2368 Ordine
501 2311 634 2368 Romano
647 2313 839 2383 prescribitur
863 2316 905 2381 ut,
920 2311 997 2368 facta
1051 2315 1223 2383 poenitentes
1233 2311 1321 2368 habes
1336 2311 1365 2368 in
1380 2311 1494 2385 vulgatu
1505 2312 1611 2368 Ordine
1624 2313 1765 2368 Romano.

170 2384 337 2439 chrismatus
351 2382 562 2447 benedictione,
583 2383 712 2455 pontifex
732 2386 834 2441 redeat
847 2384 882 2439 ad
896 2384 996 2451 altare,
1087 2381 1230 2438 Craterum
1244 2398 1280 2439 ne
1295 2383 1413 2439 basilica
1424 2382 1516 2439 sancti
1530 2382 1608 2439 Petri
1622 2399 1723 2510 aufers
1737 2385 1813 2439 esset
1824 2380 1875 2437 ho·

170 2462 196 2510 et
212 2454 322 2510 diaconi
334 2453 530 2526 discooperinnt
541 2452 649 2521 iunctm
668 2454 734 2511 dein
746 2456 871 2527 pontiiec
892 2454 998 2509 dividat
1051 2452 1130 2508 noris
1158 2452 1188 2508 in
1217 2454 1305 2510 Coeua
1329 2454 1454 2520 Domini,
1492 2456 1618 2511 loannes
1677 2455 1711 2509 tx
1738 2451 1876 2524 singulari

171 2524 277 2580 oblatos
289 2524 325 2580 od
339 2524 530 2597 frangendum,
550 2532 577 2580 et
596 2528 769 2583 communicet
784 2528 870 2582 omnis
956 2527 998 2582 lus
1052 2523 1644 2595 diplomatecoustituitutSilvaeCandidaa
1655 2523 1877 2597 episcopusipsa

170 2595 268 2652 ordine
279 2612 347 2665 suo;
364 2601 390 2651 et
402 2603 489 2651 minat
503 2596 617 2668 deipsis
638 2597 740 2653 oblatas
754 2599 873 2671 integras
881 2542 996 2652 mer·
1053 2594 1098 2651 dic
1112 2594 1239 2650 chrisma
1264 2596 1407 2652 incudem
1422 2596 1539 2652 basilica
1551 2600 1739 2663 consecraret,
1763 2594 1876 2665 aliaque

170 2667 292 2723 vandum
353 2667 546 2722 usmanediei
570 2669 740 2735 Parasceoes,
765 2668 911 2741 dequibus
929 2685 999 2724 eom·
1054 2669 1202 2738 prestaret
1213 2683 1277 2737 qum
1287 2666 1317 2722 in
1331 2667 1592 2739 pontificiislitteris
1603 2684 1654 2722 suo
1665 2666 1728 2724 laco
1739 2666 1877 2722 biceden-

170 2738 310 2794 munirent
355 2739 553 2810 squesanpuine
567 2739 689 2796 Domini.
705 2740 819 2823 Sanguis
835 2756 898 2795 vero
908 2740 999 2795 eadem
1053 2736 1097 2793 dis
1111 2736 1320 2819 exprimuntur.

170 2811 215 2865 die
224 2810 334 2881 penitus
346 2816 527 2865 consumatur.
545 2810 587 2865 lta
610 2811 698 2866 ctiam
712 2811 816 2884 legitur
841 2813 870 2866 iu
896 2811 998 2867 Codice
1089 2808 1274 2874 iecissem,
1295 2826 1357 2881 quus
1383 2808 1487 2865 dicitur
1511 2808 1692 2875 Parasceres,
1722 2807 1877 2880 praemissis

173 2880 388 2937 Vindocinensi.
405 2880 439 2935 Et
451 2884 515 2952 post
536 2898 649 2952 pauca:
671 2882 780 2938 Frontis
794 2890 883 2938 nutem
903 2881 999 2938 oblatis
1054 2878 1236 2935 Orationibus
1250 2879 1350 2945 solitis,
1374 2895 1424 2952 pro
1440 2879 1558 2951 singulis
1573 2879 1704 2936 Ecclesiae
1731 2878 1878 2934 ordinibus

172 2955 369 3008 communicent
383 2953 473 3023 primo
480 2951 641 3024 presbyteri,
648 2962 744 3024 postea
753 2954 894 3009 diaconici
909 2953 1000 3009 caleri
1054 2949 1594 3024 atquebomiuibusuniuersis(quarum
1603 2951 1771 3007 Oratiouum
1781 2948 1879 3004 memi-

172 3039 280 3079 omnes.
299 3024 331 3078 lit
344 3024 385 3080 ita
397 3023 562 3094 perficiatur
576 3024 659 3079 bfissa
670 3024 891 3095 pleniterordine
900 3040 956 3079 suo.
968 3024 999 3079 ln
1055 3021 1097 3077 nit
1111 3021 1259 3081 Coelestini
1271 3038 1353 3094 papas
1369 3022 1453 3094 primi
1468 3022 1745 3095 epistulmsubjectus
1754 3019 1877 3084 libellus,

173 3095 283 3152 Ordine
297 3094 444 3149 blaffrenno
459 3110 525 3149 mox
540 3094 656 3150 laudato
667 3096 744 3151 solus
753 3095 882 3151 Pontifex
891 3095 944 3150 bac
955 3093 1000 3150 die
1055 3093 1204 3149 continens
1215 3092 1399 3149 auctoritates
1410 3093 1618 3165 praeteriturum
1631 3093 1705 3150 sedis
1717 3090 1878 3164 apostolica

172 3163 999 3236 communicaredieitur,ubiapudLaterauumsacrafacit.
1056 3163 1254 3246 episcoporum
1270 3166 1305 3220 de
1337 3165 1446 3221 retinet
1460 3164 1549 3221 libero
1564 3161 1880 3244 arbitrioeoutraPela

210 3237 275 3291 Nou
291 3236 550 3308 pretermittendus
563 3236 616 3291 hcc
630 3236 693 3293 loco
707 3238 801 3293 Codex
811 3236 999 3301 Oorbeiensis,
1055 3250 1166 3358 granos,
1182 3251 1244 3305 cap.
1261 3234 1300 3306 8),
1316 3182 1393 3291 faeta
1412 3236 1503 3292 crucis
1526 3236 1705 3299 adoratione,
1730 3233 1878 3306 presbytera

172 3305 205 3362 in
227 3323 284 3378 quo
310 3305 432 3361 habetur
455 3307 530 3363 Ordo
559 3306 706 3363 Romanus
733 3324 784 3379 pro
808 3308 902 3363 triduo
934 3314 1001 3363 aute
1070 3306 1241 3376 suopriores,
1257 3307 1366 3362 moxin
1386 3323 1498 3362 crucem
1514 3305 1719 3371 salutaverant,
1736 3304 1879 3360 intrabant

173 3375 294 3445 Pascha,
307 3376 375 3432 mini
394 3377 555 3434 monastico
569 3382 637 3434 ante
658 3394 750 3435 anuos
764 3380 943 3449 octingentos
957 3393 1003 3433 ac·
1057 3375 1259 3441 insacrorium,
1276 3375 1316 3430 oel
1326 3377 1376 3431 nbi
1386 3378 1535 3448 repositum
1547 3376 1640 3447 iuerat
1651 3392 1750 3447 corpses
1760 3374 1878 3440 Doruiui,

173 3449 388 3504 commodatus.
406 3449 474 3514 Quas
489 3449 566 3505 enim
581 3448 611 3505 in
622 3464 656 3506 eo
671 3449 697 3507 le
717 3453 804 3506 untur
817 3450 853 3505 de
873 3464 1002 3505 commu·
1055 3446 1124 3518 quod
1137 3446 1228 3517 pridie
1243 3455 1424 3514 remanserat,
1437 3451 1566 3518 ponentes
1577 3464 1638 3503 eum
1648 3451 1677 3502 in
1696 3452 1843 3517 patenom;
1854 3452 1879 3499 et

173 3519 265 3576 niune
275 3518 306 3575 in
319 3519 407 3575 Caena
418 3520 533 3575 Domini
546 3519 707 3576 videnturo
728 3520 890 3577 servatione
903 3520 1000 3592 digua.
1055 3516 1233 3573 subdiaconus
1251 3518 1356 3573 tenebat
1382 3525 1443 3573 ante
1469 3534 1511 3574 eos
1535 3517 1644 3573 calicem
1667 3534 1727 3573 cum
1750 3516 1813 3572 vino
1827 3531 1880 3570 non

173 3588 305 3647 Sacerdos
315 3605 379 3646 vero
392 3604 452 3646 cum
462 3590 579 3663 [reperit
593 3591 700 3659 Sancta,
724 3594 815 3648 mittat
841 3608 923 3647 unam
938 3607 1002 3662 par·
1056 3593 1254 3655 conseri·oto,et
1267 3589 1339 3647 alter
1352 3588 1532 3644 subdiaconus
1548 3594 1674 3661 patenam
1695 3604 1755 3643 cum
1769 3602 1880 3656 corpore

173 3667 229 3719 tem
241 3663 271 3717 in
282 3660 404 3725 calicem,
416 3668 441 3716 et
450 3678 483 3717 ec
496 3662 555 3718 alia
569 3662 751 3719 eornmunieet.
777 3662 866 3718 Porro
889 3663 1001 3720 tertiam
1056 3658 1180 3723 Domini,
1190 3658 1289 3730 quibus
1300 3659 1463 3724 tenentibus,
1488 3659 1633 3725 amiciebat
1654 3672 1723 3713 unus
1743 3655 1882 3728 presbyter

174 3732 307 3789 multare
319 3732 458 3798 dimittat,
473 3739 501 3790 ct
509 3733 836 3804 confirmeturndiacono
854 3734 885 3789 de
909 3733 1000 3798 colice,
1053 3730 1133 3802 prior
1156 3737 1297 3800 patenum,
1322 3730 1394 3785 alter
1421 3730 1533 3787 calicem
1547 3737 1593 3801 ;et
1617 3728 1774 3800 deferebant
1801 3743 1882 3809 suuper

175 3811 202 3860 et
216 3804 267 3859 illo
281 3802 464 3859 tantummodo
477 3803 526 3859 die.
543 3807 599 3860 Pos
629 3820 690 3860 uam
702 3805 999 3876 confirmaveritsoeer·
1055 3800 1145 3857 altare
1159 3801 1299 3858 nudatum.
1314 3800 1653 3874 ltascriptumlegituriu
1686 3799 1759 3855 rimo
1775 3797 1881 3854 Ordine

174 3873 274 3939 dotem,
287 3881 371 3946 ponat
381 3875 493 3930 culicem
507 3891 586 3946 super
597 3811 697 3940 dltare,
713 3883 738 3931 et
748 3878 862 3948 accipiat
875 3876 1003 3931 dinem
1056 3874 1187 3928 Romano
1200 3876 1228 3928 ct
1244 3872 1273 3927 iu
1289 3873 1351 3945 ejus
1365 3872 1532 3944 appendice.
1546 3872 1631 3928 Paulo
1644 3818 1728 3953 affice
1738 3870 1825 3925 babet
1837 3884 1883 3952 re-

172 3951 302 4018 patenum
317 3946 455 4016 mojorem,
468 3946 560 4001 mittat
578 3963 610 4002 ue
636 3947 666 4001 in
694 3962 725 4001 eo
736 3947 767 4002 de
783 3947 882 4003 Sancto
899 3947 1003 4002 oblatas
1056 3942 1881 4008 iustissimumsacramentarium,Oellouensimonasterio

173 3964 1002 4099 integras,etponatjuetaculicemmxxJinsinistrolotere;
1057 4013 1194 4070 aCarolo
1208 4015 1310 4086 lingna
1334 4031 1512 4071 concessum.
1544 4015 1613 4070 fatas
1641 4012 1783 4070 Oratioms
1798 4027 1883 4093 ⁸²,me

174 4092 203 4142 et
217 4087 270 4141 duo
282 4085 439 4143 subdiacone
459 4088 580 4154 veniam,
593 4105 663 4144 unsis
676 4105 735 4144 eum
778 4096 869 4155 nteno,
887 4096 911 4145 et
928 4088 1003 4145 alius
1058 4087 1173 4156 scriptas
1186 4088 1316 4155 expletos,
1333 4085 1532 4157 ingrediuntur
1545 4085 1655 4141 diaconi
1668 4086 1699 4141 iu
1713 4088 1882 4147 sacraremet

174 4172 238 4213 cum
250 4156 341 4221 calice,
353 4158 474 4231 utrisque
484 4158 577 4214 vacuis
585 4177 594 4225 ,·
614 4166 639 4214 et
653 4159 732 4215 tollat
765 4161 875 4215 incanus
895 4160 927 4214 de
947 4176 1002 4215 ma·
1055 4157 1203 4228 procedunt
1214 4172 1276 4211 cum
1290 4172 1401 4227 eonpom
1416 4164 1442 4213 et
1455 4156 1586 4227 sanguine
1598 4156 1721 4219 Domini,
1736 4153 1806 4227 quod
1819 4160 1882 4208 onte

169 4229 236 4300 jore
259 4237 360 4297 patena
381 4245 414 4283 ea
442 4228 549 4292 oblatis,
577 4236 708 4301 quantum
734 4231 852 4303 sufficere
871 4230 1003 4314 possitad
1056 4227 1099 4282 die
1111 4227 1254 4294 remansit,
1270 4233 1295 4283 ct
1308 4234 1411 4298 poneret
1420 4244 1500 4301 super
1509 4226 1607 4282 altore.
1619 4225 1656 4282 fit
1669 4225 1745 4282 uenit
1759 4224 1882 4281 sacerdos

173 4298 426 4355 communicandum
441 4300 585 4372 populum5
594 4307 620 4357 et
643 4301 674 4356 de
700 4302 787 4358 culice
810 4302 942 4358 similiter
954 4320 964 4367 ;
977 4310 1002 4357 et
1056 4299 1228 4363 antealtare,
1240 4297 1360 4354 adorans
1370 4314 1475 4357 crucem
1485 4298 1604 4362 Domini,
1614 4301 1668 4355 etc.
1680 4296 1729 4352 Hic
1740 4311 1797 4352 nou
1808 4311 1883 4367 pres·

173 4370 269 4425 mittat
277 4371 308 4425 in
317 4377 446 4442 patenam
457 4378 482 4425 et
495 4372 614 4440 calicem,
623 4388 688 4444 pasc
699 4372 859 4428 subdiaconi
871 4380 960 4428 tenent
972 4374 1002 4428 in
1057 4369 1158 4440 hylari,
1169 4369 1218 4425 sed
1229 4368 1481 4425 diacouideferuut
1490 4367 1747 4440 esacrarioccrpus
1755 4365 1882 4432 Domini,

173 4439 312 4496 manibus.
329 4441 367 4495 m
386 4442 576 4510 stetimillud,
591 4443 662 4514 meod
675 4449 799 4499 remanet
810 4446 1001 4515 superaltore,
1057 4440 1134 4513 quod
1146 4456 1242 4513 corpses
1260 4447 1286 4496 et
1300 4440 1411 4512 sanguis
1434 4440 1541 4496 Douini
1564 4438 1734 4511 appellatur,
1752 4436 1805 4495 etsi
1830 4437 1882 4492 sub

172 4512 345 4583 cooperietur
370 4529 388 4567 a
412 4512 514 4568 duobus
536 4512 702 4579 diaconibus,
725 4522 869 4587 utrumque
892 4514 1003 4570 sindone
1018 4491 1040 4548 D
1058 4511 1241 4583 unicaspccie
1251 4512 1557 4568 reservatum.Eadem
1568 4510 1654 4566 verba
1668 4509 1753 4565 babet
1762 4506 1883 4565 adhunc

175 4582 290 4638 munda.
306 4582 344 4638 Et
357 4580 389 4637 de
401 4582 452 4638 illa
463 4584 521 4638 alie
527 4584 611 4654 jueta
623 4585 714 4642 altare
723 4586 829 4657 faciant
843 4585 1003 4656 confractio·
1057 4581 1133 4638 diem
1149 4581 1411 4638 sacramentarium
1428 4581 1624 4638 Gelasiauum.
1636 4580 1705 4637 iluic
1717 4578 1883 4636 testimonio

173 4670 247 4719 netu,
261 4658 288 4710 et
299 4654 409 4709 redeant
430 4654 466 4709 od
491 4655 663 4722 sacerdotem,
688 4663 720 4712 ut
738 4659 935 4712 communicent
949 4657 1004 4729 ipsi
1057 4653 1231 4726 suuragatur
1243 4654 1417 4725 Augustinus
1426 4652 1562 4708 Patricius
1573 4652 1603 4708 in
1613 4667 1665 4707 suc
1676 4649 1882 4714 Germanici,

174 4731 202 4779 et
216 4724 325 4796 reliqu‘
401 4724 535 4781 ordinem.
552 4725 590 4781 lte
604 4726 805 4783 dutoorntione
819 4735 1003 4800 postcommu·
1057 4725 1128 4795 quod
1142 4722 1577 4780 antelounnemXXffdiaoonus
1586 4721 1882 4795 portabatanteoltare

172 4796 294 4859 atonem,
346 4796 449 4852 'acanus
463 4812 516 4851 non
541 4797 614 4852 dicat
639 4801 679 4854 tte
705 4799 789 4854 Missa
804 4803 847 4855 est
858 4815 865 4864 ;
876 4798 920 4854 sed
943 4799 1003 4870 ipso
1056 4792 1710 4866 sacramentum,quodetiomoommnnisrubrieo
1721 4793 1808 4848 babet.
1819 4791 1882 4848 Post

174 4865 461 4936 &macenniacum
480 4867 620 4925 univemn.
642 4868 706 4940 lpsa
731 4886 794 4925 vero
811 4869 910 4937 oblato,
941 4885 1002 4942 pure
1057 4866 1111 4922 illa
1120 4873 1248 4938 temporo,
1261 4865 1362 4937 iuquit,
1371 4868 1497 4937 pontifex
1505 4865 1582 4920 illud
1591 4870 1722 4936 reportat,
1736 4872 1760 4919 et
1773 4863 1881 4919 melius.

173 4952 260 5009 super
274 4936 363 4992 altare
378 4941 1001 5009 coopertoremanserant,serventurincrasti-
1057 4936 1219 5008 thuidem
1240 4952 1316 4992 nunc
1329 4936 1467 5019 pontifex,
1482 4934 1595 4992 etiamsi
1611 4934 1670 5007 ipse
1696 4934 1793 4990 diviua
1821 4950 1879 4991 non

172 5024 243 5064 num
263 5010 347 5079 jueta
372 5010 600 5066 consuetudinem.
628 5011 797 5083 Hucusque
821 5012 915 5069 Codex
937 5012 1003 5067 Cur·
1056 5008 1189 5075 celebret,
1206 5007 1420 5063 sanctissimum
1434 5011 1648 5063 sacramentum
1662 5006 1734 5062 solet
1748 5004 1778 5061 in
1794 5007 1882 5062 Coeua

174 5079 310 5146 beieusis,
327 5095 406 5135 uum·
423 5079 486 5147 663,
513 5083 547 5138 de
570 5099 626 5154 quo
641 5083 747 5137 iterum
762 5082 849 5139 infra.
875 5083 904 5137 ln
921 5098 1003 5154 supe·
1057 5078 1171 5135 Domini
1181 5083 1293 5150 gestare
1306 5078 1333 5133 in
1346 5078 1497 5149 capellam,
1513 5078 1561 5134 ubi
1584 5082 1627 5134 est
1652 5078 1881 5142 reservandum3

173 5149 300 5206 rioribus
315 5149 417 5215 serbis,
435 5150 615 5223 Confirmetur
636 5170 655 5206 o
678 5153 791 5208 diacono
813 5152 949 5225 danblim,
977 5161 1001 5208 et
1057 5154 1141 5276 aigae
1156 5150 1224 5205 inde
1241 5148 1377 5223 [uxxnliu
1394 5149 1486 5205 altare
1501 5148 1692 5221 diesequenti
1708 5148 1826 5205 referre.

173 5220 224 5277 illo
239 5221 424 5277 tantummodo
447 5222 500 5286 die,
522 5225 653 5294 quaedam
677 5223 835 5280 obscuritas
859 5223 944 5293 inest,
968 5240 1002 5279 cx
1106 5221 1269 5292 uprrcdicta
1279 5220 1435 5292 appendice
1445 5220 1751 5292 priminostriOrdiuis
1760 5217 1881 5276 Romani

173 5292 240 5347 nlius
255 5291 335 5347 libris
347 5292 529 5364 illustranda,
546 5294 574 5349 iu
614 5294 695 5349 uibus
706 5294 902 5366 prescriptum
916 5299 959 5350 est
971 5299 1002 5350 ut
1056 5295 1263 5364 cousequenter
1275 5292 1335 5347 baec
1348 5291 1500 5363 leguntur:
1517 5292 1643 5348 Sulutma
1656 5307 1743 5356 cruce,
1768 5298 1793 5345 et
1808 5306 1882 5370 repo-

173 5362 311 5418 Puutifex
322 5378 386 5418 cum
397 5364 494 5419 fistula
504 5381 554 5421 seu
567 5310 677 5421 effamv
691 5366 862 5449 sanguinem
877 5382 892 5422 e
915 5365 1001 5422 culice
1055 5365 1110 5419 sita
1125 5364 1155 5418 in
1170 5363 1223 5417 loco
1238 5379 1294 5429 sun,
1309 5362 1445 5418 desemdit
1455 5365 1649 5436 pontisennnte
1659 5363 1759 5426 ultore,
1773 5368 1798 5414 et
1813 5359 1880 5439 dicit

172 5438 270 5506 sugat,
284 5439 387 5505 prater
405 5451 491 5506 quam
505 5435 534 5492 iu
564 5436 650 5493 Coenu
676 5438 794 5501 Domini,
816 5454 872 5508 quo
888 5440 999 5492 tantum
1057 5436 1187 5499 Oramus,
1199 5435 1361 5506 Praeceptis,
1373 5442 1433 5496 etc..
1446 5452 1508 5491 cum
1524 5439 1605 5490 Pater
1620 5439 1726 5489 noster.
1751 5431 1881 5500 Sequetur

172 5505 221 5561 die
234 5522 268 5561 cx
277 5506 339 5577 ipso
351 5505 616 5577 calicesanguiuem
625 5506 694 5562 clim
704 5508 863 5563 hauriebat.
875 5507 1001 5580 Denique
1056 5506 1156 5562 bibere
1165 5522 1226 5564 nos.
1236 5522 1410 5577 quaesumus.
1422 5505 1548 5562 Domine.
1562 5503 1764 5582 Cuicudieerint
1777 5507 1879 5565 Acuca,

170 5576 203 5632 in
219 5577 306 5633 reteri
322 5576 427 5632 blissali
449 5576 635 5633 illustrissimi
656 5578 779 5653 episcopi
796 5579 934 5643 flirensis,
964 5579 1000 5634 ab
1054 5577 1348 5642 sumetdeSunota,et
1370 5585 1451 5649 ponet
1475 5578 1502 5631 in
1517 5576 1609 5640 colice,
1625 5574 1699 5628 nibil
1712 5573 1815 5626 decenis.
1843 5571 1879 5627 Et

170 5647 823 5720 unnisfermesexcentisscripto,totidemiere
850 5667 891 5706 ure
911 5650 940 5704 iu
955 5666 1000 5705 or·
1054 5650 1251 5705 comacunicont
1278 5664 1369 5704 omnes
1391 5666 1450 5703 euris
1475 5646 1595 5702 silentio.
1616 5644 1653 5698 Et
1681 5643 1786 5723 expleta
1814 5650 1880 5698 sunt

169 5719 383 5774 dineltomunc
395 5720 483 5775 verba
493 5669 915 5777 referunturinhuncmofum:
926 5722 1000 5777 Tunc
1053 5722 1192 5776 universa.
1207 5720 1312 5774 Eadem
1328 5719 1448 5774 totidem
1470 5714 1562 5772 verbis
1576 5718 1728 5769 accurrunt
1741 5731 1769 5770 in
1785 5713 1879 5797 primo

167 5788 353 5846 mmmumeet
367 5789 438 5846 solus
452 5789 590 5862 presbyter
603 5806 648 5848 seu
662 5793 796 5865 episeopus
808 5810 818 5859 ;
828 5800 853 5851 et
870 5792 999 5849 diaeonus
1053 5792 1160 5847 Ordine
1173 5792 1315 5854 Romanu,
1330 5789 1360 5844 in
1379 5804 1435 5860 quc
1446 5787 1507 5843 haec
1517 5784 1663 5841 adduntur
1673 5798 1679 5841 t
1691 5786 1729 5842 lit
1740 5786 1880 5858 dicstpon-

1856 6096 1991 6162 Α
