4052 6186
238 296 294 359 tet

548 412 635 471 Faria
647 409 753 483 quinto.

274 520 389 589 Antipb.
404 517 448 572 Me
463 513 570 571 etenim
593 512 629 566 de
652 509 698 564 die
719 508 749 562 in
778 505 856 562 diem
873 506 1016 587 quaerunt,
1033 506 1062 558 et

240 578 1061 650 scireviasmcasvoluntnnt.Duarajejunavrmusetnon

241 662 385 736 aspexisti,
396 655 612 715 humiliavimus
623 651 737 708 animas
747 653 872 715 nostras,
885 652 914 703 et
925 644 1062 703 nescisti?

502 754 591 825 762
612 749 795 807 Feriosanta.

277 858 347 913 Anti
366 857 393 911 lt.
408 857 479 911 Cum
496 852 568 906 iacis
583 851 809 916 eleemosynam,
823 842 933 898 nesciat
946 840 1065 895 sinistra

242 936 293 987 tua
307 930 376 1001 quid
385 927 471 983 iaciat
482 925 600 979 dextere
610 926 668 975 tua.
683 921 749 973 Ant.
761 913 999 969 Nesciatsinistra
1014 917 1065 967 tua

243 998 614 1074 quidfaciatdexternlua.
642 993 682 1045 Tu
712 991 809 1042 autem
836 1002 901 1040 cum
926 983 1063 1050 oraveris,

243 1073 320 1128 intra
334 1068 543 1131 iucubiculnm,
558 1069 587 1121 et
596 1058 773 1117 clausooslio
785 1073 835 1112 ora
844 1058 960 1117 Putrem
970 1059 1064 1109 tunm.

592 1158 716 1215 Sublato.

280 1265 488 1337 decipulum
501 1257 657 1323 invocabis,
682 1258 711 1310 et
741 1251 880 1309 Dominus
907 1250 1065 1306 exaudiet:

246 1336 396 1401 clamabis,
413 1339 441 1390 el
455 1333 530 1388 dicet
546 1349 553 1386 ε
568 1331 637 1384 Ecce
657 1327 770 1382 adsum.
790 1324 858 1377 Ant.
877 1321 946 1386 Quis
975 1320 1027 1375 scit
1043 1319 1067 1375 si

246 1411 431 1465 convertatur
443 1409 472 1460 et
485 1404 615 1475 ignoscat
636 1400 721 1462 Deus,
748 1400 777 1450 et
802 1393 947 1463 relinquat
959 1396 1024 1473 post
1037 1408 1067 1448 se

246 1478 488 1535 Benedictionem.
510 1475 576 1528 Atat.
605 1471 691 1524 Orate
714 1483 766 1538 pro
789 1464 1024 1535 persequentibus
1039 1466 1068 1518 et

248 1548 490 1606 calumniantibus
502 1560 563 1605 vos,
580 1545 610 1596 ut
624 1541 687 1595 sitis
701 1538 751 1592 filii
765 1536 858 1590 Patris
872 1534 956 1589 vestri
972 1534 1022 1604 qui
1037 1533 1066 1588 in

248 1621 327 1677 coeiis
342 1623 394 1681 est,
411 1617 480 1672 dicit
495 1615 643 1670 Dominus.
662 1614 729 1665 Ant.
743 1609 838 1661 Estote
863 1621 989 1676 ergovos
1007 1621 1068 1675 per·

248 1691 326 1755 iacti,
342 1690 416 1744 sicut
430 1694 459 1743 et
473 1687 558 1741 Pater
574 1687 668 1739 vester
680 1678 805 1735 caelestis
817 1676 959 1747 periectas
974 1679 1029 1729 est.

247 1761 424 1832 Responsovia
438 1758 468 1812 de
479 1757 564 1811 initio
575 1753 800 1822 Quadrupesimaa.
809 1748 853 1802 Ad
863 1746 1065 1802 invitatorium.
1081 1760 1103 1819 Β

283 1832 404 1900 Antipb.
415 1830 446 1883 ln
461 1843 547 1881 manu
564 1831 622 1888 tuo,
634 1821 765 1879 Domine.
778 1834 879 1873 omnes
890 1817 961 1872 fines
972 1821 1066 1872 terrae.

248 1903 315 1957 Item
330 1900 436 1955 anast
449 1914 548 1953 vocem
561 1894 676 1949 Domini
705 1889 861 1954 audieritis,
882 1887 970 1943 nolite
980 1889 1069 1943 obdu·

248 1990 313 2028 rere
327 1972 415 2026 corda
433 1972 536 2023 vestra.

283 2040 462 2113 Responsoriu
477 2038 550 2094 unde
563 2052 659 2106 snpra.

283 2116 364 2184 Resp.
382 2116 449 2167 Ecce
464 2126 540 2165 nunc
562 2113 676 2176 tempus
700 2100 884 2173 acceptabile,
914 2117 978 2156 ecce
993 2116 1069 2155 nunc

249 2184 310 2240 dies
325 2184 435 2239 salutis.
461 2179 702 2236 Commendamus
717 2190 768 2228 nos
784 2173 921 2253 metipsos
934 2171 963 2226 in
978 2172 1069 2226 mulla

248 2257 398 2327 patientia,
415 2253 443 2307 in
456 2247 691 2324 jejuniismultis,
706 2242 967 2315 perarmajustiliae
980 2244 1070 2297 virtu·

249 2325 285 2380 tis
302 2326 361 2381 Dei.
378 2324 450 2380 Vero.
465 2325 496 2376 ln
510 2320 642 2375 omnibus
668 2315 853 2371 exhibeamus
878 2313 1069 2382 nosmetipsos

249 2397 323 2451 sicui
338 2395 387 2449 Dei
404 2393 559 2455 ministros,
574 2395 675 2445 utnon
691 2387 864 2455 vituperetur
877 2384 1069 2438 ministerium

139 2460 144 2475 ’
250 2470 392 2521 nostrum.
409 2465 464 2520 Per
479 2479 571 2517 arma.
588 2462 665 2529 Resp.
691 2456 821 2511 Paradisi
846 2459 943 2525 portas
959 2454 1071 2524 aperuit

250 2537 333 2592 nobis
342 2535 447 2608 jejunii
465 2538 588 2605 tempus.
606 2527 799 2598 Suscipiamns
823 2525 893 2580 illud
909 2531 1023 2580 orantes
1043 2528 1071 2580 et

250 2609 447 2679 deprecantes,
464 2610 495 2660 nt
510 2604 539 2659 in
554 2603 600 2658 die
626 2597 849 2656 Resurrectionis
864 2614 926 2652 cum
948 2595 1070 2650 Domino

249 2678 415 2750 gloriemur.
445 2676 521 2733 Vera.
547 2675 615 2729 Ecce
639 2686 713 2726 nunc
743 2674 854 2738 tempus
886 2666 1071 2737 acceptabile,

250 2766 314 2805 ecce
330 2766 405 2805 nunc
424 2747 484 2803 dies
500 2746 600 2801 salutis
616 2760 623 2809 ;
639 2740 747 2797 nemini
761 2741 862 2794 dantes
878 2738 966 2793 ullam
984 2738 1072 2792 olien-

251 2818 373 2903 sionem.
384 2821 420 2875 Ut
434 2819 462 2873 in
478 2817 534 2872 die.
546 2816 628 2885 Resp.
642 2813 833 2867 Emendemus
850 2809 879 2864 in
894 2809 996 2863 melius
1009 2825 1072 2878 quas

251 2896 417 2964 ignoranter
433 2887 623 2960 peccavimus,
648 2901 682 2937 ne
704 2882 796 2937 subito
823 2880 1011 2949 praeoccupati
1027 2878 1072 2934 die

252 2962 354 3017 mortis
368 2975 532 3031 queramus
547 2956 672 3026 spatium
700 2950 888 3022 prenitentiae,
904 2955 934 3005 et
947 2950 1073 3005 invenire

253 3049 312 3088 non
328 3031 479 3102 possimus.
497 3028 629 3089 attende,
648 3023 780 3089 Domina,
801 3026 829 3076 et
843 3021 988 3083 miserere,
1005 3021 1073 3101 quia

253 3103 432 3174 peccavimus
456 3099 517 3154 libi.
549 3097 624 3153 Vera.
644 3093 826 3149 Peccavimus
850 3108 916 3146 curn
945 3096 1073 3162 patribus

216 3238 219 3247 1
254 3172 369 3237 nostris,
382 3172 487 3241 injuste
502 3168 622 3240 egimus,
635 3164 816 3235 iniquitatem
831 3162 960 3217 lecimus.
976 3164 1074 3217 atten-

256 3245 390 3313 de.llcsp.
409 3243 440 3297 ln
453 3240 565 3313 jejunio
582 3242 610 3293 et
624 3236 691 3291 lietu
714 3235 837 3288 orabant
858 3234 1030 3297 sacerdotes,
1046 3237 1076 3289 et

255 3315 382 3370 dicentes
399 3330 406 3368 ε
423 3313 519 3375 Parce,
548 3309 679 3374 Domine,
695 3322 778 3376 parce
802 3305 906 3374 populo
922 3308 979 3369 tuo,
996 3308 1025 3358 et
1039 3319 1075 3358 ne

197 3400 202 3410 '
257 3384 519 3442 deshaereninnem
539 3378 664 3434 tuamin
694 3375 864 3447 perditione.
893 3373 968 3430 Vera.
998 3376 1076 3429 Inter

256 3456 431 3512 vestibulum
444 3459 473 3509 et
484 3452 573 3507 altare
580 3449 732 3531 plorabant
744 3445 914 3511 sacerdotes,
926 3444 1053 3501 dicentes
1066 3460 1073 3496 ε

258 3529 356 3608 Parce.
369 3526 450 3595 Rcsp.
465 3525 494 3578 ln
512 3523 645 3577 omnibus
660 3518 846 3573 exhibeamus
863 3523 915 3570 rtos
929 3515 1002 3571 sicut
1027 3515 1077 3572 Dei

258 3598 416 3664 mrnistros,
429 3598 458 3651 in
474 3594 565 3648 multa
576 3589 722 3662 patientia,
733 3592 830 3643 utnon
843 3587 1078 3656 vituperetnrmx-

258 3668 409 3724 nisterinm
424 3671 564 3722 nostrum.
577 3663 660 3730 Rern.
671 3662 739 3715 Ecce
761 3674 838 3713 nunc
851 3661 974 3727 tempus,
988 3667 1020 3714 nt
1034 3675 1079 3714 su-

257 3757 323 3811 pra.
335 3741 372 3795 Ut
384 3756 442 3793 non
458 3738 642 3806 vituperetur.
671 3733 748 3800 Resp.
770 3729 944 3783 abscondite
957 3730 1079 3784 eleemo-

260 3828 361 3881 synam
377 3811 406 3865 in
421 3810 485 3864 sinn
501 3806 642 3878 pauperis,
659 3810 687 3858 et
700 3801 762 3872 ipsa
777 3800 871 3853 orabit
884 3816 934 3870 pro
951 3801 1029 3855 vobis
1042 3801 1079 3855 ad

260 3878 597 3951 Dominum‚quiasicut
623 3890 699 3944 aqua
725 3870 880 3941 exstinguit
907 3871 1012 3942 ignem,
1038 3872 1080 3926 ita

262 3953 445 4024 eleemosyna
458 3947 611 4018 exstinguit
624 3948 781 4015 peccatum.
800 3943 876 3998 Vers.
895 3944 1008 3997 Honora
1022 3943 1079 3997 Do-

261 4023 373 4079 minum
390 4024 425 4079 de
439 4027 487 4077 tua
500 4017 670 4079 substantia,
700 4019 729 4069 et
755 4015 790 4068 de
817 4011 949 4081 primitiis
965 4012 1079 4083 frugum

260 4099 376 4150 tuarum
387 4096 424 4149 da
439 4091 608 4164 pauperibus
631 4084 889 4153 (inimicabilem.
917 4083 1081 4139 Tribularer

261 4165 284 4220 si
308 4165 446 4221 nescirem
475 4159 694 4221 misericordias,
722 4154 843 4210 Domine
864 4157 917 4218 ,tn
946 4154 1040 4209 dixisti
1071 4172 1077 4213 :

261 4236 332 4292 Nolo
345 4242 469 4291 mortem
482 4230 646 4304 peccatoris,
656 4229 705 4283 sed
720 4229 939 4281 utconvertatur
951 4231 980 4280 et
992 4226 1078 4295 vivat,

281 4307 309 4361 ui
322 4308 516 4362 chananaeam
531 4307 560 4358 et
574 4299 754 4371 publicanum
770 4294 877 4350 vocasti
888 4297 924 4350 ad
943 4297 1079 4366 poenitan·

260 4382 343 4458 tram.
359 4378 432 4432 Vere.
448 4377 480 4430 Et
490 4372 820 4441 Petrumlacrymantem
842 4366 1078 4424 Dominussusce·

260 4452 311 4520 pit,
332 4446 490 4503 misericors
517 4442 665 4499 Dominus.
693 4438 745 4503 Oui
771 4438 975 4493 Chananaeam.
999 4439 1077 4510 Resp.

260 4520 442 4590 Angelissuis
453 4513 602 4571 mandavit
617 4515 650 4567 do
665 4516 702 4567 te.
716 4514 746 4564 ut
756 4508 920 4563 custodiant
934 4513 962 4564 tc
976 4508 1005 4562 in
1019 4526 1079 4564 om·

261 4589 345 4645 nibus
359 4590 412 4644 viis
422 4588 487 4643 tuis.
501 4588 530 4641 ln
544 4583 676 4639 manibus
683 4581 839 4652 portabunt
854 4584 891 4636 te.
903 4595 938 4634 ne
950 4596 1078 4651 unquam

262 4660 391 4716 offendas
401 4661 438 4715 ad
449 4657 571 4728 lapidem
581 4654 681 4726 pedem
693 4658 783 4706 tunm.
812 4649 886 4705 Vens.
899 4650 990 4720 Super
1004 4653 1077 4722 aspi·

261 4733 328 4786 dem
339 4737 367 4786 et
377 4729 540 4785 basihscnm
553 4724 716 4784 ambulatis,
732 4726 760 4776 et
770 4719 948 4775 conculcabis
964 4720 1078 4778 leonem

260 4803 463 4859 eldracouem.
473 4801 504 4854 In
519 4796 662 4853 manibus.
672 4794 748 4862 ilcan.
760 4792 852 4855 Pater,
861 4792 974 4861 peccavi
984 4793 1012 4847 in
1023 4809 1079 4849 coe-

260 4873 322 4928 lum
337 4878 365 4929 et
378 4888 475 4928 coram
488 4875 515 4925 te
527 4889 533 4925 :
543 4870 606 4940 jam
620 4882 677 4921 non
688 4879 752 4919 sum
765 4863 867 4934 dignus
888 4863 983 4917 vocari
1003 4863 1077 4919 filins

259 4948 336 5000 tuus.
350 4945 372 4997 F
374 4961 406 4999 ac
422 4959 468 4996 me
481 4942 552 4995 sicut
564 4953 653 4993 unum
667 4953 699 4990 ex
716 4932 899 4989 merceraniis
913 4933 979 4987 tuis,
995 4935 1072 4997 ως,

259 5016 365 5081 Quanti
379 5011 545 5069 mercenarii
561 5010 590 5063 in
602 5011 688 5063 domo
699 5003 789 5059 Patris
802 5003 856 5058 mei
868 5005 1018 5058 abundant
1028 5022 1076 5086 pa·

260 5087 344 5143 nibus
360 5103 367 5151 ;
384 5101 436 5156 ego
449 5088 545 5139 autom
561 5081 606 5134 hic
629 5077 705 5132 lame
722 5091 803 5158 pareo
815 5074 829 5128 ‘l
841 5074 962 5145 Surgam
986 5080 1014 5129 et
1030 5078 1076 5131 ibo

259 5160 295 5213 ad
310 5160 421 5213 Patrem
435 5170 540 5214 meum,
557 5156 585 5205 et
598 5148 690 5204 dicam
707 5163 731 5201 ex
744 5163 751 5201 :
765 5147 819 5199 Fac
835 5162 890 5200 me.
903 5146 979 5201 ilcan
992 5147 1021 5200 ln
1037 5150 1075 5212 te,

257 5230 347 5356 ἔω
361 5227 491 5284 Domine.
502 5224 617 5293 sperent
626 5234 726 5274 omncs
736 5220 851 5281 animae,
863 5215 987 5271 dicentes
1000 5218 1076 5272 :Cito

282 5320 332 5359 eus
346 5297 526 5355 iniserebitur
541 5290 641 5347 nostri.
654 5289 721 5430 ium
746 5293 787 5351 tn,
817 5287 950 5350 Domine,
965 5287 1076 5344 locutus

854 269 986 336 stncrt
1005 268 1181 335 caxantur
1201 256 1321 331 unani

1076 407 1100 466 Α
1115 404 1212 457 aulem
1227 394 1383 451 dixitDeus
1396 406 1402 446 :
1416 388 1543 445 Gaudeo.
1568 386 1646 455 Ravp.
1658 380 1756 436 Dicam
1771 380 1827 435 Deo
1841 381 1919 437 :Sus-

1868 253 1915 312 liii

1115 476 1212 542 ceptor
1226 483 1305 522 meus
1319 480 1349 520 es
1366 464 1464 525 abens
1479 475 1567 517 meus.
1589 454 1708 525 sperabo
1732 452 1759 506 in
1774 468 1846 516 eum,
1861 469 1925 521 quo

1116 543 1194 597 niam
1211 540 1270 610 ipse
1285 534 1416 591 liberavit
1431 547 1477 587 me
1492 532 1526 587 da
1541 529 1644 597 laqueo
1673 522 1845 586 venantium,
1867 527 1892 577 et
1907 539 1922 578 a

1116 613 1203 669 verbo
1231 624 1343 679 aspero.
1369 604 1442 659 Vera.
1465 603 1551 656 Scuto
1570 593 1756 654 circumdabit
1783 597 1810 650 te
1833 592 1923 648 veritas
1998 624 1999 647 v

1118 686 1189 756 ejus,
1213 698 1269 735 non
1290 674 1551 732 timebisatimore
1580 672 1728 724 nocturno.
1753 665 1919 720 Deusmens.
1998 654 1999 669 ¹

1118 758 1201 824 Resp.
1218 749 1345 819 Scapulis
1358 748 1416 802 suis
1440 741 1623 800 obumbrabit
1653 736 1712 803 tibi,
1728 740 1757 791 et
1770 735 1822 789 snb
1834 734 1924 802 pennis
1998 750 1999 793 1

1119 828 1181 951 {jus
1191 821 1327 894 sperabis.
1340 822 1426 873 Scuto
1434 812 1624 871 circumdabit
1634 815 1661 864 te
1671 806 1774 863 veritas
1784 806 1853 877 ejus.
1862 807 1923 861 Vera.
1998 810 1999 867 j

1139 898 1255 977 adeuta
1270 893 1356 947 latere
1372 895 1421 946 tuo
1437 886 1526 951 mille,
1540 889 1569 941 et
1582 884 1681 938 decem
1700 877 1792 933 millia
1803 893 1821 930 a
1832 875 1925 931 dextris
1998 880 1999 921 l

1119 985 1191 1041 ejus.
1208 967 1303 1022 Scuto.

1433 1046 1467 1103 ln
1480 1042 1634 1100 manticis.

1156 1141 1271 1213 Antiplt.
1285 1140 1340 1195 Cor
1353 1136 1494 1192 mundum
1509 1148 1575 1188 crea
1588 1130 1619 1186 in
1634 1143 1693 1197 me,
1716 1126 1802 1187 Deus,
1814 1125 1841 1178 et
1854 1121 1925 1194 spiri·
1998 1148 1999 1195 1

1121 1221 1183 1271 tum
1199 1216 1306 1268 rectum
1333 1208 1439 1263 innova
1453 1206 1482 1260 in
1509 1201 1663 1260 visceribus
1692 1195 1773 1251 meis.
1795 1193 1924 1261 intinxit
1998 1228 1999 1231 =

1121 1285 1251 1350 Domine,
1264 1281 1371 1336 salvum
1382 1294 1429 1334 me
1446 1277 1501 1340 iac,
1513 1292 1530 1329 o
1542 1269 1751 1336 Domiuc,bene
1764 1280 1925 1337 prosperare.
1998 1314 1999 1321 ,

1121 1361 1189 1413 Ant.
1200 1355 1245 1411 Sic
1259 1350 1427 1410 benedicam
1438 1353 1465 1403 te
1480 1347 1508 1401 in
1521 1346 1580 1400 vila
1592 1358 1668 1405 mea,
1683 1344 1712 1394 et
1726 1338 1755 1393 in
1771 1334 1926 1391 nominetuo
1998 1334 1999 1349 ¹

1121 1429 1223 1484 levabo
1236 1439 1340 1479 manus
1355 1436 1444 1475 meas.
1456 1420 1525 1473 Ant.
1539 1417 1569 1471 In
1586 1412 1688 1484 spiritu
1716 1405 1890 1471 humilitatis,
1902 1409 1926 1460 et

1121 1500 1150 1554 in
1166 1497 1266 1553 anima
1282 1492 1407 1549 contrita
1429 1486 1629 1558 suscipiamur,
1652 1479 1787 1543 Domine,
1800 1478 1835 1532 ad
1847 1481 1871 1531 te
1885 1493 1891 1529 :
1903 1479 1926 1530 et

1121 1570 1162 1625 sic
1180 1569 1230 1622 liat
1244 1562 1414 1621 sacrificium
1438 1563 1580 1621 nostrum,
1599 1559 1631 1610 ut
1647 1553 1684 1608 ad
1709 1556 1739 1606 te
1757 1547 1926 1618 suscipiamur

1121 1640 1215 1703 hodie,
1231 1642 1260 1692 et
1274 1636 1385 1706 placeat
1399 1632 1460 1699 tibi,
1477 1631 1599 1685 Domine
1626 1626 1711 1679 Dens.
1742 1625 1804 1677 Ant.
1819 1619 1926 1674 laudate

1122 1713 1223 1775 Deum,
1237 1706 1300 1763 coeli
1315 1704 1453 1761 coelorum
1468 1706 1496 1756 et
1510 1715 1592 1770 aquae
1602 1710 1715 1751 omnes.

1436 1792 1466 1846 ln
1481 1785 1639 1858 Evangelio.

1156 1884 1274 1954 Antiplt.
1286 1883 1391 1938 Ductus
1403 1882 1447 1935 est
1457 1881 1536 1932 lesus
1553 1875 1583 1931 in
1598 1873 1758 1929 desertum.
1775 1871 1806 1922 nt
1818 1868 1927 1922 tentare¹

1122 1963 1198 2014 tura
1212 1954 1337 2015 diabolo,
1353 1956 1382 2006 et
1393 1966 1457 2007 cum
1483 1948 1645 2019 jejunasset
1670 1938 1858 2013 qnadraginta
1881 1935 1926 1990 die·

1122 2031 1175 2085 bns
1189 2032 1218 2083 et
1242 2022 1434 2097 quadraginta
1462 2019 1602 2079 noctibus,
1632 2022 1731 2085 postea
1749 2009 1853 2066 esuriit.
1875 2006 1925 2061 int.

1122 2102 1202 2156 lesus
1217 2102 1313 2152 antem
1329 2110 1395 2148 cnm
1416 2091 1576 2163 jejunasset
1597 2082 1790 2157 qnadraginta
1803 2080 1890 2136 diebus
1903 2079 1927 2129 ei

1144 2167 1316 2238 uadraginta
1331 2164 1471 2230 noctibus,
1489 2163 1589 2231 postea
1615 2154 1727 2212 esuriit.
1750 2154 1813 2207 Avrt.
1824 2152 1853 2205 nt
1864 2162 1926 2203 acce·

1123 2190 1193 2296 iens
1206 2243 1342 2301 tentator,
1356 2236 1417 2359 [αἰξὶ
1432 2233 1461 2287 Si
1476 2231 1562 2285 Filius
1588 2227 1638 2283 Dei
1668 2243 1711 2289 es,
1726 2224 1772 2279 dic
1795 2227 1824 2277 ut
1836 2218 1927 2290 lapides

1124 2313 1170 2368 isti
1184 2326 1271 2392 panes
1290 2308 1373 2363 stant.
1421 2311 1460 2358 nt.
1476 2307 1536 2358 Non
1551 2300 1579 2356 in
1595 2299 1656 2353 solo
1671 2312 1747 2367 pane
1768 2292 1832 2349 vivit
1845 2292 1926 2351 homo,

1124 2383 1213 2437 sedin
1229 2378 1307 2434 omni
1320 2378 1404 2432 verbo
1420 2375 1495 2446 quod
1509 2370 1636 2443 procedit
1649 2369 1686 2422 de
1697 2382 1746 2422 ore
1757 2364 1814 2420 Dei.
1824 2359 1924 2431 Antipt.

1124 2455 1185 2509 Non
1201 2452 1230 2506 in
1244 2451 1305 2505 solo
1321 2463 1393 2519 pane
1420 2444 1489 2500 vivit
1516 2444 1615 2506 homo,
1632 2440 1684 2494 sed
1708 2437 1738 2491 in
1768 2433 1842 2489 omni
1858 2432 1927 2486 verbo

1126 2524 1185 2579 Dei.
1197 2522 1266 2576 Ant.
1277 2521 1354 2574 Tunc
1369 2515 1524 2585 assumpsit
1533 2528 1600 2569 eum
1622 2508 1755 2564 diabolus
1778 2506 1805 2560 in
1819 2507 1928 2560 sancum

1126 2595 1279 2655 civitatem,
1292 2596 1320 2646 et
1332 2588 1433 2644 statuit
1443 2587 1467 2641 ei
1482 2583 1571 2710 ξηαπ]
1586 2598 1672 2652 super
1684 2575 1861 2651 pinnaculum
1872 2578 1929 2627 tem·

1145 2665 1200 2721 liet
1210 2663 1281 2717 dixit
1290 2661 1316 2715 ei
1329 2677 1335 2715 ε
1349 2658 1377 2714 si
1388 2658 1476 2713 Filius
1508 2655 1532 2712 ei
1544 2671 1584 2713 es.
1594 2652 1679 2707 mitte
1691 2656 1720 2705 te
1732 2643 1927 2705 deorsumlnt.

1125 2685 1251 2792 inntens
1262 2730 1391 2788 diabolus
1404 2728 1570 2787 Dominum.
1580 2723 1709 2780 ostendit
1719 2720 1744 2776 ei
1755 2717 1845 2775 omnia
1858 2728 1929 2792 regna

1127 2805 1237 2871 mundi,
1255 2810 1283 2858 et
1296 2801 1419 2874 gloriam
1433 2814 1532 2855 eornm
1545 2814 1551 2851 :
1566 2798 1632 2851 Haec
1642 2792 1744 2847 omnia
1767 2789 1815 2845 tibi
1825 2787 1897 2847 dabo,
1911 2798 1929 2836 sl

1127 2878 1281 2949 procedens
1296 2870 1462 2928 adoraveris
1478 2885 1533 2924 me.
1554 2867 1621 2921 Ant.
1637 2865 1731 2927 Vade,
1747 2862 1870 2919 Satanas,
1884 2868 1929 2908 non

1127 2946 1250 3005 tentabis
1263 2944 1415 2999 Dominum
1424 2943 1613 2997 Deumtuum.
1624 2939 1689 2991 Ant.
1698 2932 1848 2989 Dominum
1857 2927 1929 2982 neum

1126 3025 1209 3075 tuum
1222 3014 1366 3077 adorabis,
1376 3018 1404 3068 et
1416 3012 1455 3066 illi
1469 3010 1521 3066 soli
1537 3008 1654 3063 servies.
1667 3007 1737 3060 Ant.
1751 2999 1866 3071 Reliquit
1877 3010 1930 3051 eum

1127 3093 1263 3152 tentator,
1277 3089 1306 3142 et
1321 3084 1415 3155 angeli
1429 3083 1621 3145 accesserunt,
1643 3080 1673 3132 et
1690 3072 1882 3131 ministrabant
1896 3064 1926 3121 ei.

1350 3172 1533 3241 Antiphone·
1545 3168 1575 3222 dc
1591 3164 1732 3238 apostolis.

1163 3264 1232 3320 Anti
1253 3264 1280 3317 lv.
1296 3263 1450 3317 Eccenunc
1462 3263 1574 3339 tempus
1596 3249 1781 3335 acceptabile,
1802 3260 1860 3303 acce
1872 3254 1931 3297 nunc

1130 3337 1190 3393 dies
1201 3281 1310 3390 scintis.
1320 3334 1349 3386 ln
1366 3331 1410 3385 his
1423 3346 1489 3400 ergo
1502 3329 1601 3384 diebus
1612 3326 1799 3380 exhibeamus
1819 3313 1931 3394 nosaicot

1131 3407 1180 3463 Dei
1189 3405 1337 3461 ministros
1350 3402 1378 3456 in
1391 3403 1481 3456 multa
1496 3394 1646 3471 patientia,
1674 3395 1704 3449 in
1714 3389 1828 3463 jejuniis
1839 3391 1863 3442 et
1877 3398 1932 3453 ngr·

1131 3478 1186 3542 liis,
1203 3482 1231 3532 et
1245 3476 1273 3530 in
1290 3474 1429 3530 charitate
1446 3487 1503 3526 non
1518 3470 1592 3525 [icta.
1618 3468 1687 3522 Ant.
1716 3458 1931 3534 Commendamus

1058 3588 1064 3599 ·
1131 3548 1324 3616 nosmetipsos
1338 3545 1367 3599 in
1383 3543 1474 3598 multa
1494 3539 1643 3612 patientia.
1674 3536 1704 3591 in
1716 3531 1831 3618 jejuniis
1843 3525 1930 3585 mutus,

1133 3636 1184 3691 per
1198 3634 1281 3673 arma
1291 3614 1427 3689 justitiae.
1446 3615 1512 3668 Ant.
1538 3612 1590 3666 Per
1604 3624 1689 3663 arma
1712 3603 1828 3677 justitia
1840 3593 1932 3675 virtutis

1134 3690 1182 3745 Dei
1195 3690 1431 3744 commendemus
1446 3682 1637 3751 nosmetipsos
1653 3679 1683 3732 in
1699 3676 1790 3732 multa
1801 3670 1929 3744 patientta.

1133 3763 1200 3816 Ant.
1214 3761 1399 3814 advenerunt
1413 3754 1494 3809 nobis
1509 3754 1570 3807 dies
1582 3748 1758 3822 poenitentiae
1769 3746 1804 3800 ad
1815 3739 1933 3816 achmet-

1135 3833 1171 3887 da
1186 3835 1310 3902 peccata,
1327 3829 1377 3883 sed
1394 3828 1450 3897 [ad]
1467 3825 1620 3880 salvandas
1647 3820 1770 3875 animas.
1794 3818 1856 3869 Ant.
1869 3810 1934 3877 agite

1135 3901 1346 3974 poenitentiam,
1361 3894 1602 3969 appropinquavit
1615 3907 1741 3963 ragnum
1756 3885 1891 3942 coelornm.

1435 3985 1520 4040 Faria
1531 3980 1657 4038 secunda.

1171 4087 1288 4157 Antiplt.
1304 4083 1420 4165 Venite,
1432 4079 1572 4137 benedicti
1589 4076 1680 4133 Patris
1697 4073 1761 4139 mci,
1770 4065 1891 4154 percipite
1901 4075 1934 4140 re

1134 4175 1223 4229 gnum
1236 4157 1313 4228 quod
1328 4157 1407 4237 vobis
1431 4157 1563 4234 paralum
1579 4153 1623 4204 cst
1648 4149 1686 4203 ab
1706 4145 1812 4226 origine
1832 4132 1930 4221 ¹inuttdt.

1134 4233 1201 4285 Ant.
1218 4227 1298 4293 Quod
1316 4244 1363 4282 unt
1379 4242 1412 4280 ex
1428 4222 1555 4278 minimis
1569 4219 1640 4277 meis
1670 4218 1786 4279 fecistis,
1802 4208 1865 4267 mxln
1881 4204 1933 4260 lav

1134 4300 1195 4371 stis,
1213 4299 1282 4355 dicit
1296 4296 1445 4353 Dominus.

1394 4381 1484 4455 764
1503 4382 1589 4438 Faria
1607 4379 1703 4437 tertio.

1095 4467 1117 4525 D
1169 4484 1280 4555 antiph.
1295 4481 1491 4552 scriptumest
1504 4478 1582 4535 enim
1594 4475 1773 4549 quiadomus
1783 4464 1932 4538 mendontltt

1134 4554 1279 4610 Orationis
1293 4558 1336 4609 est
1350 4552 1458 4607 cunctis
1471 4550 1611 4623 gentibus,
1632 4564 1683 4601 vos
1696 4549 1791 4600 autem
1803 4532 1896 4593 lecistis
1907 4527 1931 4581 ri·

1134 4627 1192 4682 lam
1208 4622 1538 4696 speluncamlatronum.
1552 4621 1585 4675 Et
1599 4622 1661 4675 erat
1670 4613 1794 4688 quotidie
1805 4611 1897 4684 docens
1908 4611 1932 4651 tt

1133 4696 1330 4769 temptarint.
1343 4696 1449 4750 Domus
1460 4709 1525 4748 mea
1534 4693 1637 4747 domus
1648 4677 1929 4743 Orationisvocabxtur.

1434 4782 1519 4837 Faria
1542 4786 1655 4852 quarto.

1168 4881 1286 4953 Antipi.
1302 4882 1437 4936 llosanna
1448 4878 1518 4934 Filio
1536 4877 1625 4932 David
1640 4870 1821 4942 ,benedictus
1839 4859 1880 4933 qui
1890 4868 1929 4909 ve·

1133 4954 1176 5009 nit
1190 4955 1219 5008 in
1235 4952 1351 5007 nomine
1368 4949 1491 5006 Domini.
1510 4952 1576 5003 ‚lot
1589 4944 1741 5003 Generatio
1751 4940 1810 4994 hac
1821 4940 1919 5006 provee

1133 5041 1265 5097 perversa
1275 5024 1388 5093 signum
1405 5020 1508 5093 quaerit
1522 5037 1528 5084 ;
1542 5024 1569 5074 et
1585 5018 1698 5089 signum
1713 5027 1767 5067 non
1783 5002 1886 5063 dabitur
1898 5010 1926 5055 et,

1133 5097 1186 5151 nisi
1201 5096 1313 5167 siguum
1327 5095 1405 5148 Jonae
1420 5090 1576 5163 prophetae.
1605 5091 1670 5144 Ant.
1696 5083 1773 5141 Sicut
1799 5073 1927 5147 tuitlontt

1131 5167 1161 5221 in
1175 5172 1271 5221 ventre
1285 5164 1350 5229 ceti,
1366 5164 1455 5218 tribus
1477 5162 1577 5216 diebus
1592 5164 1620 5215 et
1646 5157 1735 5212 tribus
1758 5146 1884 5205 noctibus.
1895 5140 1926 5188 ¹l⁸

1131 5237 1184 5293 erit
1198 5236 1284 5292 Filius
1298 5234 1422 5290 hominis
1436 5234 1465 5288 in
1479 5232 1564 5287 corde
1579 5237 1669 5285 terra.
1693 5229 1758 5281 Ant.
1784 5216 1926 5290 dedeceat·

1131 5315 1189 5363 tem
1206 5323 1329 5370 mecum,
1341 5322 1395 5361 non
1407 5309 1451 5360 est
1466 5319 1565 5358 meum
1577 5302 1646 5357 dare
1673 5294 1761 5364 vobis,
1775 5288 1822 5346 sed
1842 5279 1925 5355 quibet

257 5389 288 5428 es
301 5373 397 5428 dicens
414 5367 549 5424 {Gssssdffl
562 5359 665 5434 [magis
687 5375 772 5440 suile?
786 5374 876 5412 unum
888 5357 1075 5439 l’fssfliifflieffl
1130 5383 1264 5451 paratum
1279 5382 1322 5434 est
1336 5393 1353 5432 a
1365 5376 1451 5431 Patre
1470 5390 1546 5429 meo.

254 5461 341 5516 quam
357 5456 443 5513 supra
455 5436 613 5562 nonaginta
625 5446 726 5486 novem
754 5434 847 5499 justos
870 5445 918 5509 qux
931 5445 989 5483 non
1003 5429 1074 5484 indi·

252 5520 322 5586 gent
337 5508 516 5585 poenitentia.
554 5521 608 5562 ers.
626 5504 729 5557 Invoca
750 5515 797 5554 me
811 5499 841 5554 in
856 5500 903 5553 dra
917 5499 1076 5553 tribulatio-

252 5586 297 5643 nis
311 5590 378 5642 lnaa.
393 5580 519 5653 Eripiam
533 5580 562 5633 te
576 5577 604 5631 et
630 5569 827 5644 magnificabis
850 5584 909 5623 me.
932 5569 1075 5626 Peccatori

1442 5470 1527 5526 Fet-io
1541 5472 1650 5541 quinta.

1163 5571 1279 5642 antipa
1293 5568 1369 5627 Dixit
1380 5568 1519 5626 Dominus
1546 5563 1660 5622 mulieri
1684 5559 1855 5615 chananae:
1870 5538 1922 5596 Non

287 5723 436 5807 saonen
460 5717 600 5797 Apostolo,
630 5710 694 5784 quia
716 5708 787 5803 ajout
814 5704 970 5790 superiores
994 5707 1071 5765 Anti·
1125 5708 1404 5791 indomnicata
1422 5708 1483 5764 iste
1502 5674 1920 5779 dicipossinlderipostolo,quia

251 5798 349 5877 phonae
363 5811 397 5853 ex
422 5789 569 5871 Evangelto
596 5788 661 5865 liuhi
685 5780 817 5847 colecta,
845 5776 918 5861 unde
944 5778 1072 5849 dicuntur
1125 5799 1159 5841 ex
1173 5778 1387 5860 EpistolaPauh
1402 5781 1579 5857 deprompta),
1594 5776 1687 5836 saltam
1704 5766 1831 5843 plnrlmoe·
