4022 6174
219 240 278 309 use
301 192 304 199 ’

497 286 501 293 ,
597 222 634 303 in
655 238 685 301 s.
708 188 889 301 ohannau
910 213 1049 302 aranuh
1064 200 1401 303 sumimuroaun
1422 223 1541 303 nord.
1619 312 1623 327 ,

1850 230 1901 308 ns

219 377 320 443 niteat,
336 373 469 431 nnumin
498 388 572 442 pane
598 376 626 426 et
653 388 737 443 aqna.
765 371 793 426 Si
817 371 880 444 quis
906 372 1043 444 ligaturas
1061 375 1084 437 Α
1100 374 1153 426 Pro
1172 356 1623 454 bonisrebnsolferredebemus,
1640 372 1786 455 promatis
1806 392 1904 447 nequa·

220 448 327 511 lecerit,
344 446 419 517 quod
446 442 613 498 detestabile
637 448 689 507 est,
710 444 872 499 trasancos
899 444 1042 515 poeniteat,

219 536 307 576 unum
322 517 350 571 in
367 532 440 586 pane
452 519 481 570 et
495 531 579 585 aqua.
595 514 622 568 Si
644 514 692 585 qui
708 514 792 569 simul
807 516 896 571 edunt
909 515 1046 570 testivita-

219 596 278 645 tem
293 590 321 643 in
338 587 406 642 locis
419 584 621 641 abominandis
634 585 796 656 gentilium,
810 592 839 641 at
852 603 935 642 snam
949 602 1044 642 escam

219 661 389 723 det'erentes,
407 656 594 719 comederint,
611 655 718 727 placuit
740 673 789 711 eus
810 658 924 712 biennio
949 658 1043 729 subja·

144 788 150 793 ,
219 748 292 791 cere.
304 733 380 787 etsic
392 727 504 798 suscipi,
524 730 607 798 'quae
630 728 746 783 obedire
771 733 885 798 oportet
905 747 912 796 3
933 732 962 782 et
983 735 1044 799 post

219 802 395 857 oblationem
411 814 644 869 unumquemque
657 798 788 870 spiritum
806 801 936 870 probare,
953 802 982 855 et
1003 800 1045 852 ri-

220 877 280 928 tam
296 872 474 943 singulorum
489 886 668 941 cognoscere.
694 870 724 925 Si
739 870 801 940 quis
817 870 1043 934 manducaverit,

220 949 271 1001 aut
285 943 386 998 biberit
393 944 477 1015 justa
487 942 587 997 lanum
603 940 643 1006 ;si
654 941 912 1011 perignorautiam,
928 940 1046 1012 promit·

220 1020 264 1071 tat
276 1015 408 1085 deinceps
418 1014 493 1084 qnod
510 1028 657 1083 nunquam
673 1012 799 1071 reiteret.
814 1017 843 1069 et
853 1012 1046 1084 quadraginta

221 1089 320 1142 diebus
332 1086 361 1141 in
396 1101 450 1140 ane
465 1088 492 1139 et
503 1101 578 1165 aqna
593 1082 728 1153 poeuiteat
753 1100 760 1149 ς
778 1083 800 1138 si
829 1100 894 1140 vero
910 1100 960 1154 per·
979 1099 1044 1138 con·

221 1163 362 1230 temptum
378 1105 432 1210 hoc
450 1155 558 1218 lecerat,
572 1155 600 1210 id
622 1159 675 1221 est,
698 1158 849 1225 postquam
865 1154 998 1210 sacerdos
1019 1153 1045 1209 ci

220 1227 384 1302 predicavit
397 1228 473 1297 quod
486 1225 665 1297 sacrilegium
692 1225 746 1279 huc
760 1230 831 1291 erat,
858 1241 963 1281 mensae
989 1227 1045 1279 de-

220 1300 385 1359 moniorum
396 1297 680 1360 comiuuuicaverit,'
695 1296 798 1367 singuli
818 1302 931 1352 tantum
945 1295 1045 1350 vitium

220 1373 274 1427 hoc
289 1369 395 1433 fecerit,
412 1374 468 1424 tres
480 1370 678 1439 quadragenas
691 1367 719 1420 in
736 1384 808 1438 pane
823 1373 851 1423 et
867 1385 943 1438 aqna
955 1367 1047 1437 poeui·

220 1448 289 1499 teat.
304 1441 332 1498 Si
349 1457 415 1497 vero
431 1456 481 1510 pro
500 1440 577 1494 cuttu
593 1440 766 1500 damonum,
793 1444 822 1494 et
837 1439 945 1494 honore
959 1438 1046 1493 simu·

219 1512 289 1570 tucri
303 1513 356 1567 hoc
367 1511 476 1580 lecerit,
495 1514 553 1565 tres
567 1526 658 1564 annos
671 1509 816 1580 paeniteat.
828 1510 857 1565 Si
872 1509 935 1581 quis
948 1525 1046 1565 secun·

220 1587 257 1640 do
270 1590 298 1640 et
311 1582 393 1639 tertio
410 1581 597 1636 'immolatus
610 1597 659 1652 per
676 1580 744 1647 rim,
762 1585 820 1636 tres
843 1597 935 1636 annos
949 1580 1045 1653 subja·

221 1662 294 1720 cent,
310 1654 457 1711 etduobus
471 1653 532 1708 sine
546 1652 901 1717 oblationecomiuunicet,
911 1651 995 1707 tertio
1009 1651 1046 1706 ad

1099 460 1198 513 qnam.
1209 444 1367 515 Presbyteri
1382 460 1448 499 vero
1461 461 1511 514 pro
1526 461 1584 498 suis
1605 460 1742 515 epicospis
1768 462 1820 501 nnn
1848 466 1902 519 pro·

1099 515 1235 570 hibentur
1249 516 1363 571 offerre.
1384 515 1435 580 Qui
1454 516 1557 586 prebet
1571 515 1702 570 ducatum
1712 516 1843 583 barbaris,
1855 524 1905 575 tres

1100 585 1346 655 annospoeuiteat.
1364 586 1416 651 Oui
1431 585 1606 641 monasteria
1621 586 1766 657 exspoliat,
1790 589 1857 645 salso
1879 608 1905 646 se

1100 656 1193 711 dicere
1208 658 1283 727 [Lep.
1302 657 1409 728 diceus]
1426 657 1553 727 captivos
1576 658 1726 722 redimere,
1748 663 1801 713 tres
1824 678 1906 717 anuos

1100 730 1245 797 paeniteat,
1262 733 1290 783 et
1300 728 1398 783 omnia
1411 746 1473 798 quae
1486 729 1625 783 abstraxit
1641 729 1806 799 pauperibus
1818 733 1905 787 donet.

1100 800 1152 863 Qui
1166 800 1324 854 manducat
1337 816 1453 854 carnem
1470 799 1641 857 animalium
1664 816 1781 870 quorum
1795 809 1906 858 mortem

1100 871 1198 932 nescit,
1211 871 1324 925 tertiam
1335 876 1445 941 partem
1474 870 1542 925 anni
1562 870 1710 941 poeniteat.
1734 872 1853 929 Priorum
1872 874 1906 929 in·

1100 943 1200 996 stituta
1211 946 1324 1012 patrum
1339 946 1502 997 nostrorum
1517 959 1567 1011 pro
1586 958 1688 997 rnauus
1710 941 1781 1014 [leq.
1806 962 1898 1015 proma

1100 1011 1177 1085 mus]
1194 1031 1200 1067 :
1218 1013 1297 1084 pueri
1312 1013 1366 1067 soti
1379 1013 1603 1069 sermocinantes
1628 1018 1657 1068 et
1681 1015 1908 1084 transgredientes

1099 1085 1230 1139 instituta
1258 1084 1404 1139 seniorum
1418 1084 1508 1138 tribus
1530 1084 1801 1155 superpositionibus
1825 1102 1909 1141 enien-

1100 1157 1215 1210 dentur.
1234 1154 1369 1210 &culum
1391 1154 1557 1225 simpliciter
1587 1155 1731 1219 facientes,
1757 1157 1909 1231 septem[!a
1969 1188 1970 1191 ¹

1099 1227 1198 1281 Poenv't.
1211 1226 1289 1282 Rom.
1304 1225 1442 1299 quinque]
1455 1226 1710 1296 superpositiones.
1726 1226 1908 1284 lltecebrosnm
1964 1258 1967 1275 ·

1100 1296 1908 1369 osculumsineinquiuamentooctosuperpositiones;cnm

1100 1369 1318 1440 inquinamento
1329 1374 1422 1423 antem
1435 1368 1493 1424 sive
1503 1367 1579 1440 [teg.
1599 1368 1673 1442 sine]
1698 1369 1825 1451 amplexu
1839 1370 1909 1440 quin·

1100 1440 1192 1522 decim
1206 1440 1448 1510 [luPeenthoiu.
1459 1441 1568 1511 decem]
1582 1440 1849 1511 superpositionibus
1858 1458 1909 1497 cor·

1099 1516 1241 1583 rigantur.

1256 1645 1271 1677 u
1291 1632 1325 1680 x.
1338 1627 1347 1647 '
1362 1627 1398 1681 lte
1416 1624 1579 1681 dissensibus
1592 1626 1772 1698 sucrificium.

222 1726 381 1801 Perfectum
400 1724 580 1795 sumptam?-
603 1723 632 1779 Si
655 1722 717 1795 <1⁰5⁸
741 1723 958 1779 fflflssdtmalefil
982 1732 1084 1791 88η’Β
1138 1761 1150 1791 ι
1168 1740 1219 1808 Qui
1235 1756 1291 1795 uon
1306 1741 1378 1795 bene
1388 1739 1513 1795 custodit
1522 1740 1700 1805 sacrificium,
1716 1747 1744 1797 et
1755 1758 1817 1796 mus
1828 1758 1909 1797 come·

192 1808 197 1827 ¹
222 1799 349 1871 guinem,
371 1802 421 1852 aut
432 1794 626 1858 morticinum,
643 1794 789 1849 antidotis
804 1794 997 1857 immolatum,
1019 1799 1048 1849 et

224 1887 284 1997 pon
299 1868 352 1923 snit
376 1868 402 1923 ei
428 1867 592 1935 necessitas,
617 1866 732 1938 jejunet
753 1866 951 1922 hebdomadas
978 1866 1048 1920 dno·

245 1958 327 1998 ecum.

394 2050 405 2077 ι
427 2028 484 2081 vn.
506 2028 546 2082 De
561 2025 721 2097 quibusdam
735 2024 876 2095 capitatia.

262 2140 275 2171 α
297 2117 325 2172 Si
342 2116 405 2187 quis
417 2118 425 2133 '
437 2115 623 2186 quoquolibet
637 2118 798 2170 membrum
815 2114 867 2169 sibi
889 2111 1049 2169 voluntarie

224 2187 410 2256 truncaverit,
427 2191 484 2241 tres
498 2202 589 2241 annos
601 2185 746 2256 peniteat,
770 2202 859 2239 unum
879 2184 908 2239 in
932 2200 1005 2255 pane
1022 2188 1051 2238 et

225 2278 310 2331 aqna.
322 2259 351 2314 Si
364 2257 426 2328 quis
441 2273 574 2311 avorsum
589 2256 686 2311 lecerit
702 2257 870 2319 voluntarie,
888 2261 944 2311 tres
958 2271 1051 2311 annos

225 2333 373 2403 praeniteat,
389 2344 477 2382 unum
491 2328 520 2381 in
537 2344 609 2398 pane
628 2332 656 2382 et
669 2343 753 2397 aqua.
768 2325 796 2382 Si
811 2327 874 2397 quis
888 2343 990 2382 usuras
1000 2342 1048 2380 nu·

226 2402 374 2470 decunque
392 2399 527 2469 exegerit,
559 2406 613 2452 tres
638 2413 730 2452 anuos
746 2398 894 2468 paeniteat,
910 2414 998 2452 nuum
1021 2397 1050 2451 iu

227 2489 301 2555 pane
315 2475 344 2526 et
357 2485 441 2541 aqua.
459 2468 564 2540 Siquis
578 2484 628 2539 per
652 2473 830 2539 potestatem,
848 2472 898 2523 aut
925 2468 1052 2539 quotibet

227 2541 353 2615 ingenio,
369 2557 414 2595 res
427 2538 534 2595 alienas
547 2540 624 2594 malo
635 2539 735 2595 ordine
748 2539 894 2605 invaserit,
914 2539 956 2595 vel
980 2539 1051 2595 tule-

227 2615 275 2682 rit,
291 2628 376 2684 super
397 2612 412 2644 ⁸
432 2612 499 2683 jure
526 2609 669 2665 sententia
689 2609 822 2666 similiter
849 2610 996 2681 poeniteat,
1023 2614 1052 2664 ct

229 2684 425 2755 eleemosynas
450 2683 555 2736 multas
580 2681 674 2736 faciat.
705 2681 734 2736 Si
761 2681 825 2752 quis
849 2697 974 2747 servum,
1002 2684 1052 2735 ant

229 2769 427 2827 quemcunque
442 2752 586 2807 hominem
602 2752 729 2823 quotibet
741 2752 856 2834 ingenio
885 2751 914 2807 in
936 2751 1052 2822 captivi·

228 2831 318 2882 tatem
331 2824 451 2889 duxerit,
468 2825 511 2879 vet
527 2822 727 2889 transmiserit,
756 2827 829 2878 sicut
850 2839 936 2895 supra
963 2823 1051 2894 poeui·

228 2901 297 2954 teat.
312 2897 340 2952 Si
352 2896 414 2968 quis
427 2911 525 2950 aream
536 2894 579 2949 vel
601 2896 720 2949 deinum
735 2892 894 2949 voluntarie
909 2894 974 2965 igne
994 2909 1053 2949 cre-

228 2968 359 3032 maverit,
376 2967 449 3021 sicut
471 2982 558 3035 supra
584 2964 731 3036 poeniteat.
758 2965 787 3021 Si
812 2965 875 3033 quis
901 2980 951 3035 per
978 2964 1052 3019 iram

229 3039 318 3094 alium
334 3035 515 3110 percusserit,
531 3040 560 3089 et
573 3035 742 3105 sanguinem
758 3034 872 3099 fuderit,
890 3040 940 3089 aut
954 3034 1052 3089 debili·

229 3110 342 3174 taverit,
357 3106 482 3162 saivalai
494 3106 586 3176 primo
601 3107 772 3168 mercedem,
781 3110 809 3161 et
822 3105 964 3161 medicum
976 3122 1052 3175 quie·

229 3186 276 3236 rat
287 3178 326 3243 :si
342 3177 430 3233 laicus
444 3182 496 3243 est,
507 3176 698 3247 quadraginta
712 3176 828 3241 diebus;
852 3176 970 3232 clericus
983 3177 1054 3231 duas

230 3252 444 3323 quadragenam
457 3247 593 3302 diaconus
607 3251 716 3318 septem
734 3246 895 3317 mensibus;
909 3249 1056 3328 presbyter

231 3337 339 3377 annum
352 3335 450 3374 unum.
465 3320 494 3373 Si
508 3319 571 3388 quis
584 3318 749 3373 venationes
761 3319 926 3383 exercuerit,
937 3317 1055 3373 clericus

231 3408 340 3448 anuum
370 3407 459 3446 uuum
479 3390 625 3471 poeuiteat,
644 3389 781 3444 diaconus
802 3391 885 3457 duos,
911 3390 1056 3460 presbyter

231 3469 289 3519 tres
304 3477 395 3517 annos
409 3464 556 3533 poeniteat.
574 3460 680 3530 siquis
701 3461 736 3515 de
765 3459 923 3515 ministerio
949 3463 1056 3515 sanctu

232 3532 584 3603 ecclesioe'qualccnnque
610 3547 681 3602 opus
706 3530 845 3602 quidlibet
870 3530 1065 3596 fraudaverit„

232 3606 277 3661 vet
289 3604 452 3676 neglexerit,
466 3607 574 3673 septem
585 3618 677 3656 annos
701 3602 848 3672 poeniteat,
866 3605 923 3657 tres
939 3602 967 3656 iu
984 3617 1058 3673 pane

149 3684 155 3691 ‘
234 3681 361 3747 etaqua.
387 3675 416 3731 si
442 3676 505 3745 quis
523 3690 587 3728 cum
617 3672 789 3728 animalibus
815 3673 981 3744 peccaverit,
1010 3673 1057 3753 qni

234 3747 357 3819 amptius
372 3761 459 3816 quam
477 3744 595 3815 triginta
616 3760 759 3798 annornm
773 3743 868 3812 tuerit,
894 3744 1058 3815 quindecim

234 3835 326 3875 annos
338 3818 495 3889 subjaceat,
510 3815 764 3871 'cornmuuiouem
776 3815 947 3870 mereatur.'
959 3818 996 3870 tte
1018 3814 1057 3869 ui·

234 3896 314 3945 ratur
326 3892 422 3944 autem
435 3887 527 3958 quatis
541 3887 579 3940 sit
593 3902 693 3942 eorum
714 3886 782 3949 vita,
799 3886 823 3940 si
840 3891 984 3941 mereatur
1030 3902 1059 3940 u·

234 3960 358 4025 manius,
371 3958 489 4030 aliquid,
501 3962 510 3981 ·
521 3957 696 4012 incessanter
706 3959 742 4011 ad
753 3958 938 4027 peccandum.
954 3956 983 4011 si
999 3972 1060 4027 per-

233 4030 414 4093 severaverit,
429 4031 546 4099 tongam
558 4027 881 4098 habeatpoenitentiam.
898 4027 950 4092 Oui
962 4034 1058 4083 autem

233 4102 380 4173 superiore
395 4105 489 4168 aetate,
503 4105 531 4154 et
546 4115 648 4154 uxores
662 4101 809 4163 habentes,
830 4099 1002 4154 introierunt
1029 4098 1059 4153 in

233 4172 288 4228 hoc
300 4177 458 4244 peccatum,
476 4169 576 4241 viginti
588 4170 714 4241 quinque
726 4170 809 4224 annis
821 4171 996 4235 sub'aceaut,
1019 4169 1060 4224 ita

234 4247 266 4297 ut
279 4249 343 4314 post
356 4242 481 4313 quinque
495 4241 731 4295 communionem
746 4258 812 4296 cum
838 4242 875 4296 ob
887 4240 983 4296 atione
1001 4256 1059 4296 me-

233 4316 360 4368 reantur.
375 4312 403 4367 Si
419 4316 515 4366 autem
527 4310 614 4381 aliqui
634 4317 663 4366 et
677 4327 778 4367 uxores
794 4313 931 4366 habentes
946 4315 975 4366 et
998 4327 1060 4365 am-

234 4383 308 4467 plius
320 4382 528 4453 quinquaginta
539 4398 691 4445 annorum,
709 4382 915 4452 hucpeccatum
929 4380 1058 4447 fecerint,

234 4453 350 4510 inexitu
366 4453 431 4508 vitra
442 4457 609 4509 mereantur
625 4453 757 4508 viaticum
774 4452 912 4524 accipere.

448 4539 560 4613 «468
569 4540 639 4598 vin.
655 4543 696 4595 De
707 4540 846 4595 ebrietate.

273 4652 287 4685 n
308 4629 485 4687 Inebriatnri
508 4630 565 4684 itur
579 4630 641 4700 quis
656 4646 673 4684 a
688 4629 754 4683 vino
777 4628 836 4684 sive
851 4628 980 4695 cervisia,
993 4646 1060 4685 con·

236 4708 280 4760 tra
296 4703 433 4758 indictum
448 4647 602 4756 §aharons
613 4718 645 4755 ac
656 4699 851 4771 apostolorum
877 4703 939 4773 ejus
950 4702 1026 4771 qnod
1037 4701 1059 4755 si

237 4779 336 4831 sehim
351 4772 512 4829 sanctitatis
536 4772 679 4840 habuerit,
702 4770 893 4842 quadraginta
910 4772 1009 4827 diebus
1032 4773 1060 4826 in

258 4863 312 4902 ane
327 4850 355 4901 et
367 4861 441 4916 aqna
454 4845 567 4914 culpam
581 4842 670 4898 diluat
683 4861 690 4909 ;
701 4842 790 4897 laicus
801 4858 866 4897 vero
881 4855 990 4914 septem
1004 4843 1061 4898 die·

237 4864 290 4973 bns
306 4916 453 4988 poeuiteut.
477 4914 629 4984 Episcopus
659 4912 766 4969 taciens
784 4914 1001 4970 fornicationem
1015 4915 1062 4970 de·

237 4990 427 5060 gradetur,et
445 4985 586 5042 sexdecim
615 5001 706 5041 annos
734 4985 879 5057 paeniteat.
912 4988 1063 5058 Presbyter

238 5066 334 5115 autem
348 5064 376 5114 et
387 5057 522 5113 diaconus
539 5056 757 5112 fornicationem
772 5059 932 5113 naturalem
945 5058 1062 5113 iaciens·

258 5129 359 5186 ructato
374 5134 441 5185 ante
455 5128 587 5183 monachi
614 5133 711 5183 votum
728 5134 784 5183 tres
800 5145 891 5184 annos
907 5129 1057 5200 poeniteat.

238 5148 1063 5272 zeniamoiuuihoraroget,superpositionemunaquaque

239 5273 430 5338 hebdomada,
446 5272 569 5342 exceptis
582 5270 826 5342 quinquagesimis
838 5272 947 5336 diebus,
965 5274 1061 5327 t'aciat.

460 5382 472 5410 n
496 5361 542 5413 ΙΧ.
561 5362 600 5415 De
614 5360 733 5414 viaticulis
747 5361 844 5414 auersis.

276 5454 291 5487 n
309 5432 336 5490 Si
348 5449 434 5487 causa
445 5432 591 5503 negligens
602 5431 665 5501 quis
678 5430 847 5485 sacrificium
859 5430 967 5500 perdat,
982 5430 1064 5486 relin-

239 5522 329 5578 quens
347 5505 425 5569 loris,
441 5506 513 5558 etati
527 5502 622 5572 utiquo
634 5504 787 5556 ‹levoratur
810 5502 1066 5572 quadragintadie·

240 5579 292 5633 hus
307 5576 445 5647 poeniteat
459 5592 466 5640 ·,
482 5574 525 5627 sin
543 5589 609 5627 vero
625 5587 733 5626 aunum
765 5588 852 5625 unum
870 5572 1013 5641 paeniteat.
1037 5572 1066 5627 Si

240 5645 495 5702 communicaverit
505 5644 640 5715 ignoraus
655 5642 908 5697 excommunicatis
929 5644 964 5698 ub
980 5643 1066 5699 aeccle·

242 5720 294 5781 sia,
322 5718 421 5772 diebus
448 5713 641 5786 quadraginta
670 5712 815 5783 poeuiteat.
843 5713 871 5768 Si
897 5714 1067 5771 sacrificium

242 5791 415 5849 terratenus
440 5785 610 5862 negligendo
634 5782 776 5855 ceciderit,
798 5785 985 5860 superpositio
1013 5784 1063 5844 sit.

1102 1812 1186 1879 derit,
1202 1811 1500 1883 quadragintadiebus
1520 1812 1672 1882 poeniteat.
1692 1813 1744 1878 Qui
1759 1818 1912 1884 auteniper·

1102 1884 1207 1939 diderit
1228 1900 1312 1938 snum
1341 1883 1487 1946 chrismal,
1514 1887 1565 1938 aut
1589 1885 1684 1938 solum
1706 1884 1866 1939 sacrificium
1887 1884 1911 1938 in

1102 1955 1218 2025 regione
1233 1954 1408 2024 qnalibet,nt
1419 1953 1720 2017 noninveniatur,tres
1730 1957 1912 2026 quadragenas

1103 2028 1146 2082 vet
1160 2042 1268 2081 annum
1280 2024 1428 2096 poeuiteat.
1445 2024 1622 2080 Persnndeus
1638 2027 1740 2097 aliquis
1753 2026 1911 2082 calicemsn·

1104 2114 1153 2168 pei·
1166 2097 1266 2161 altare,
1291 2098 1406 2166 quaudo
1418 2096 1591 2151 auleruutur
1609 2096 1793 2163 linteamina,
1816 2101 1912 2168 septen

1104 2170 1202 2224 dicbus
1215 2167 1364 2238 poeuiteat.
1383 2167 1412 2221 Si
1427 2167 1561 2222 ceciderit
1575 2168 1747 2223 sacrificium
1762 2170 1834 2223 intra
1847 2183 1912 2222 meu·

1104 2256 1178 2302 sain,
1192 2244 1301 2309 septem
1311 2239 1566 2308 diehnspoenitcal.
1579 2239 1616 2294 Ut
1626 2238 1912 2305 sumenssacriticiuro,

1104 2316 1239 2435 gravatus
1253 2309 1402 2365 saturitate
1418 2310 1533 2377 ventris,
1548 2310 1648 2382 viginti
1664 2311 1765 2366 diebus
1776 2310 1909 2380 praeniteat.

1130 2386 1248 2437 iaconns
1261 2380 1429 2436 obliviscens
1443 2381 1619 2437 oblationem
1634 2382 1735 2437 offerre
1750 2382 1807 2437 sins
1827 2381 1912 2436 lintea·

1105 2452 1184 2507 mine
1195 2454 1285 2507 donec
1299 2451 1466 2519 offeruntur,
1481 2451 1614 2507 similiter
1630 2452 1779 2523 poeniteat.
1793 2452 1819 2507 Si
1830 2456 1912 2507 autem

1104 2524 1134 2578 in
1150 2522 1252 2587 farina,
1265 2529 1316 2578 ant
1331 2521 1359 2577 in
1374 2522 1470 2593 aliquo
1494 2523 1600 2578 siccato
1621 2525 1696 2588 cibo,
1722 2524 1817 2579 sivein
1832 2522 1911 2582 mette,

1104 2595 1163 2651 sive
1178 2595 1207 2649 in
1221 2597 1294 2649 lacte
1309 2592 1495 2649 inueniuntur
1515 2593 1577 2649 istae
1591 2596 1728 2659 bestiolae,
1755 2595 1829 2666 qnod
1850 2592 1912 2649 circa

1104 2666 1220 2721 illorum
1242 2681 1362 2735 corpora
1388 2670 1440 2730 est,
1471 2666 1546 2720 toras
1573 2665 1750 2737 projiciatur.
1770 2665 1819 2731 Oui
1840 2662 1912 2733 negti·
1969 2714 1970 2719 ,

1105 2737 1232 2809 gentiam
1257 2736 1331 2791 circa
1346 2736 1515 2790 sacrificium
1541 2737 1648 2799 fecerit,
1665 2743 1696 2793 nt
1710 2738 1765 2791 sia
1787 2735 1913 2791 vermibus

1105 2812 1320 2878 consumptum,
1334 2808 1410 2878 quod
1425 2807 1462 2862 ad
1485 2806 1607 2862 nibilum
1624 2809 1764 2873 deveniat,
1791 2812 1844 2862 tres
1856 2820 1913 2876 qua·
1969 2844 1970 2855 i

1107 2882 1249 3004 drageuas
1263 2878 1409 2949 poeniteat.
1432 2877 1461 2933 Si
1472 2878 1615 2949 integrum
1631 2879 1670 2934 sit
1683 2880 1834 2940 inventum.
1848 2882 1873 2931 et
1888 2875 1912 2928 in
1969 2894 1970 2941 3

1107 2967 1140 3007 eo
1169 2948 1242 3006 uerit
1256 2947 1370 3013 vermis,
1399 2950 1592 3011 comburatur.
1620 2950 1705 3006 etsic
1723 2946 1913 3019 cinisejussub
1969 2964 1970 2999 i

1107 3021 1198 3077 altare
1212 3022 1423 3085 abscondatur3
1438 3024 1467 3075 et
1485 3019 1533 3090 qui
1558 3021 1715 3092 negligens,
1744 3018 1914 3092 qnadraginta
1969 3086 1970 3091 ἵ

1071 3091 1206 3151 Gdiebus
1221 3091 1365 3161 poeuiteat.
1381 3089 1410 3146 Si
1436 3090 1570 3147 ceciderit
1595 3092 1769 3147 sacrificium
1794 3093 1827 3146 de
1840 3101 1913 3143 mann
1969 3118 1970 3127 ,

1108 3160 1253 3218 olter'entis
1269 3169 1345 3216 terra
1358 3165 1450 3227 tenus,
1465 3166 1495 3217 at
1520 3162 1684 3218 inveniatur
1711 3162 1823 3234 aliquid,
1843 3171 1914 3214 oruue
1969 3200 1970 3225 3

1108 3234 1296 3305 quodcunque
1311 3232 1460 3288 inventurn
1475 3232 1562 3287 fuerit
1588 3233 1616 3288 in
1634 3234 1697 3290 loco
1721 3238 1749 3289 in
1764 3230 1915 3304 qnocecide
1969 3244 1970 3269 i

1108 3306 1146 3359 rit
1159 3304 1354 3371 comburatur,
1370 3309 1398 3359 ct
1411 3303 1482 3358 cinis
1508 3306 1560 3358 snb
1574 3304 1668 3360 attare
1695 3304 1880 3364 abscondatur,
1892 3304 1915 3351 et
1969 3316 1970 3375 p

1109 3376 1242 3431 sacerdos
1256 3376 1384 3429 medium
1401 3391 1510 3429 anuum
1526 3375 1667 3445 pmniteat
1683 3393 1690 3441 ;
1704 3381 1732 3432 et
1752 3376 1774 3430 si
1788 3375 1914 3429 inventum
1969 3390 1970 3425 i

1112 3446 1206 3511 luerit,
1233 3450 1264 3501 nt
1288 3462 1374 3515 supra
1400 3447 1564 3510 mundetur,
1580 3450 1609 3501 et
1633 3442 1915 3519 quadragintadiebns
1969 3444 1970 3491 ζ

1110 3516 1259 3589 poeniteat.
1274 3516 1302 3571 Si
1317 3533 1406 3588 usque
1421 3518 1458 3571 ad
1473 3516 1563 3572 altare
1573 3522 1690 3573 tantum
1715 3517 1798 3572 fuerit
1810 3517 1914 3584 lapsum.

1111 3593 1294 3660 superponat.
1316 3589 1344 3643 Si
1360 3589 1393 3641 de
1405 3587 1493 3643 catice
1505 3604 1556 3659 per
1569 3589 1774 3661 negligentiam
1787 3580 1916 3642 stillaverit
1969 3646 1970 3663 Χ

1112 3658 1220 3730 aliquid
1234 3659 1263 3712 in
1278 3662 1396 3722 terram,
1412 3659 1509 3731 lingua
1522 3659 1680 3727 lambatur,
1705 3665 1734 3716 et
1747 3658 1837 3714 tebutu
1848 3653 1916 3708 rada-
1969 3680 1970 3721 j

1113 3736 1169 3787 tur.
1186 3735 1214 3785 et
1227 3729 1276 3783 ini
1300 3745 1334 3784 ne
1360 3730 1554 3795 comburatur,
1583 3735 1611 3785 et
1625 3730 1815 3802 quadraginta
1832 3724 1916 3781 diebus

1113 3801 1260 3873 poeniteat.
1277 3746 1405 3871 gisnpra
1419 3800 1511 3856 altare
1535 3799 1688 3856 stillaverit
1713 3802 1793 3861 catix,
1819 3795 1916 3852 sorbeat
1969 3860 1970 3875 ἵ

1113 3872 1254 3935 minister,
1268 3876 1296 3926 et
1309 3871 1466 3926 linteamen
1477 3874 1554 3942 quod
1565 3872 1660 3944 tetigit
1671 3873 1776 3929 stillam
1785 3864 1915 3943 abluatur'
1969 3886 1970 3909 i

1114 3943 1231 4006 vicibus,
1245 3947 1274 3997 et
1292 3942 1382 3997 tribus
1407 3942 1507 3998 diebus
1536 3943 1688 4014 paeniteat.
1721 3943 1749 3999 Si
1774 3936 1916 4016 titubarant
1969 3934 1970 3991 l

1113 4014 1247 4069 sacerdos
1259 4028 1344 4083 super
1358 4013 1526 4068 Orationem
1554 4013 1746 4079 Dominicam,
1761 4027 1820 4083 qun
1831 4008 1916 4062 dicitur
1969 4020 1970 4083 p

1115 4084 1282 4157 periculosa,
1297 4100 1355 4139 nna
1371 4083 1429 4139 vice
1459 4084 1648 4155 uinquaginta
1660 4085 1796 4145 Psalmos,
1811 4075 1916 4135 secunda
1969 4110 1970 4151 ;

1113 4157 1183 4221 vice,
1196 4160 1311 4212 centum
1332 4102 1476 4225 ptagtsfbi
1505 4161 1603 4211 autem
1618 4156 1732 4213 duxerit
1758 4154 1862 4227 viduam
1876 4158 1916 4225 pt·
1969 4196 1970 4209 ,

1113 4225 1465 4290 trisvcllratrissui‚isti
1493 4227 1637 4282 tatesncu
1666 4231 1782 4300 possunt
1800 4222 1914 4295 judicant
1969 4234 1970 4285 ζ

1115 4299 1172 4355 uisi
1188 4297 1266 4368 prins
1278 4301 1448 4368 separentur
1463 4297 1500 4354 ab
1515 4297 1648 4354 invicem.
1664 4298 1693 4355 si
1712 4295 1811 4367 aliquis
1821 4286 1916 4361 cupedi-

1113 4367 1595 4439 tionepublicaoccidithomiuem
1623 4369 1686 4426 siue
1714 4383 1806 4429 causa,
1821 4358 1916 4437 jejunet
1969 4346 1970 4415 i

1076 4449 1098 4508 Ι)
1114 4439 1311 4496 hebdomadas
1326 4438 1425 4509 viginti
1440 4455 1527 4494 unam
1542 4458 1548 4505 ;
1562 4440 1695 4497 stantem
1709 4438 1822 4495 lorsitan
1842 4447 1869 4487 sc
1879 4428 1916 4481 de
1969 4462 1970 4519 t

1116 4511 1271 4575 tendendo,
1285 4514 1336 4564 aut
1347 4516 1478 4580 parentes
1500 4528 1576 4575 suos,
1593 4516 1644 4566 aut
1666 4510 1788 4567 lamitias
1799 4519 1867 4586 sulus,
1880 4512 1916 4580 nt·
1969 4524 1970 4585 p

1114 4582 1229 4638 cidisset
1240 4579 1376 4650 aliquem,
1391 4581 1438 4637 ille
1453 4598 1508 4636 non
1522 4582 1576 4639 erit
1588 4598 1653 4637 rens
1671 4600 1678 4647 3
1694 4582 1717 4637 si
1733 4579 1915 4698 volneritpcnt·
1969 4602 1970 4619 κ

1115 4669 1195 4720 uara,
1211 4651 1240 4706 in
1251 4650 1473 4723 illinspotestate
1481 4653 1576 4723 estqui
1587 4659 1701 4709 coactus
1713 4653 1765 4707 hoc
1775 4647 1843 4704 tecit.
1863 4640 1916 4696 the
1969 4692 1970 4699 ,

1116 4722 1261 4779 micidium
1278 4722 1307 4776 in
1321 4740 1389 4793 pace
1405 4723 1513 4791 lecerit,
1533 4730 1562 4778 et
1576 4740 1634 4778 non
1659 4725 1744 4780 fuerit
1757 4721 1862 4777 turbata
1876 4722 1915 4783 pro
1969 4716 1970 4733 ¹

1117 4796 1190 4867 [hep.
1206 4795 1263 4864 per]
1276 4798 1446 4865 potestatem
1471 4794 1670 4851 etinimicitiae
1696 4807 1818 4857 causam,
1841 4790 1916 4862 utres
1969 4798 1970 4851 t

1116 4867 1178 4922 e'ns
1191 4864 1293 4935 capiat,
1306 4866 1417 4937 jejunet
1431 4867 1629 4922 hebdomadas
1653 4882 1746 4929 rxvru,
1771 4868 1798 4918 et
1814 4874 1854 4940 res
1865 4863 1916 4929 eJnt
1969 4874 1970 4887 ¹

1117 4884 1206 5010 269
1220 4953 1303 5006 quem
1320 4936 1431 5003 occidit,
1450 4938 1553 4992 reddat
1568 4937 1647 4992 uxori
1664 4937 1706 4993 vel
1721 4933 1796 4992 titiis.
1819 4932 1845 4984 Si
1862 4934 1917 5005 qun
1969 4932 1970 4963 i

1117 5016 1214 5064 autem
1230 5009 1266 5062 ad
1282 5007 1481 5078 paenitentiam
1489 5007 1575 5072 venit,
1586 5010 1756 5080 etaegritudo
1767 4994 1917 5061 evenerunt
1969 5002 1970 5053 ἶ

1117 5096 1174 5135 non
1191 5079 1314 5149 potuerit
1328 5079 1486 5149 adimplere
1507 5081 1582 5150 quod
1597 5079 1638 5134 ilti
1669 5078 1833 5150 urandatnm
1855 5071 1917 5121 esta
1969 5072 1970 5139 t

1118 5152 1275 5214 sacerdote,
1292 5150 1462 5221 suscipiatur
1474 5153 1511 5206 ad
1539 5158 1670 5206 sanctam
1694 5148 1916 5209 communionem
1969 5146 1970 5165 ¹

1118 5226 1146 5278 et
1160 5221 1183 5277 si
1197 5222 1318 5277 voluerit
1330 5239 1395 5277 euru
1410 5223 1483 5277 Dens
1511 5222 1632 5287 salvare,
1657 5222 1766 5295 jejunet
1788 5202 1917 5290 postca-S,1
1969 5248 1970 5265 i

1118 5294 1181 5365 quis
1196 5309 1253 5347 uon
1267 5293 1394 5364 paenitet,
1411 5298 1440 5348 et
1457 5293 1574 5348 forsitan
1601 5293 1733 5349 ceciderit
1754 5289 1782 5343 iu
1796 5274 1917 5365 agntndt·
1969 5344 1970 5351 ἵ

1119 5382 1196 5429 narn,
1213 5364 1393 5434 etquaesierit
1410 5364 1632 5429 communicare,
1661 5379 1716 5419 non
1745 5353 1916 5431 prohibeatis
1969 5366 1970 5425 i

1119 5438 1169 5491 sed
1185 5436 1251 5490 date
1263 5435 1289 5489 ei
1302 5440 1432 5489 sanctam
1447 5437 1689 5499 communionem,
1718 5435 1747 5488 et
1766 5424 1918 5499 niaunatpn
1969 5474 1970 5501 ,

1121 5511 1160 5565 ul.
1177 5506 1199 5561 si
1216 5508 1353 5576 placuerit
1366 5506 1415 5560 Dei
1429 5506 1643 5571 miserirordiae,
1658 5511 1685 5561 et
1700 5494 1858 5577 evaseritude
1868 5496 1918 5563 ψῃ
1969 5534 1970 5585 p

1121 5577 1301 5648 aegritudine,
1315 5583 1412 5648 postea
1426 5581 1524 5633 omnia
1538 5578 1573 5633 sit
1589 5578 1733 5634 consessus
1746 5589 1753 5637 3
1764 5568 1918 5647 cisrenan-
1969 5604 1970 5639 ,

1121 5653 1190 5704 teat.
1209 5648 1236 5704 Si
1252 5655 1347 5704 antem
1363 5649 1465 5720 aliquis
1478 5651 1739 5704 excommunicatus
1766 5642 1843 5718 luent
1857 5639 1918 5685 m0t·
1969 5652 1970 5699 i

1121 5724 1198 5783 tuns,
1214 5720 1261 5790 qui
1271 5721 1335 5793 jam
1357 5723 1394 5775 sit
1419 5721 1566 5776 consessus
1583 5736 1591 5787 ς
1607 5727 1635 5777 et
1650 5732 1704 5776 non
1730 5711 1853 5770 occurrit,
1877 5715 1889 5754 t
1911 5762 1916 5773 ,
1969 5746 1970 5815 p

1121 5790 1270 5869 occupauit
1284 5808 1350 5848 cnm
1365 5808 1443 5850 mors
1470 5792 1572 5853 sivein
1596 5792 1651 5864 via,
1675 5790 1734 5849 sive
1751 5784 1779 5842 in
1790 5778 1868 5845 damn
1881 5778 1919 5843 3⁸¹
1969 5854 1970 5909 p
