4078 6196
488 416 497 431 ¹
579 406 776 473 ramalem
794 406 834 470 ln
854 404 992 469 blanau
1012 404 1347 472 sacramentonum.

557 569 671 620 Praecla
684 568 741 631 iam
757 568 826 619 iacto
840 569 948 620 Sarlooe
958 568 1104 625 Sataribus,
1119 568 1168 620 iste

557 632 674 684 machil
690 633 775 683 sancti
790 635 909 693 regimen
924 634 1041 697 suscepit
1055 631 1193 696 libruiphi.

122 727 152 782 Et
164 722 251 780 inira:
268 721 367 779 Eodem
380 715 471 777 ursio
485 723 659 777 emereretur
671 722 748 777 Serto
763 729 901 792 aortqaam
917 721 1100 778 salariensem
1111 736 1186 777 xxxu
1196 721 1276 779 abab
1287 720 1585 787 earnemcarnem.
1601 721 1678 781 ldae
1691 724 1766 793 qood
1779 721 1809 781 ln

122 796 168 852 hoc
180 793 276 851 Codice
290 793 400 849 Titiano
413 793 520 863 passim
536 793 659 850 habetor
676 793 794 849 celebris
809 793 951 848 memoria
965 797 1130 849 sanctorum
1143 797 1304 859 marturam
1320 791 1446 848 Cerrasii
1460 796 1488 847 et
1502 793 1635 859 Protesi,
1651 799 1680 851 et
1689 793 1717 850 in
1728 811 1810 852 com·

122 866 317 925 memoratione
333 866 515 923 Sanctorum.
531 869 594 935 post
608 864 774 920 Orationem
791 864 971 920 Onminiram
982 864 1026 920 his
1036 864 1138 927 verbis,
1154 864 1239 934 Atque
1256 864 1376 924 turrea.
1393 863 1590 933 subjuncitur:
1604 881 1707 919 aecana
1722 867 1809 923 beatis

120 936 278 1007 martyribus
296 938 351 993 teir
366 937 496 992 Ceroauo
505 943 530 992 et
543 937 676 994 protasio.
688 937 768 1002 Quod
781 935 895 1006 quidem
912 936 1019 991 iactum
1034 940 1075 991 est
1087 936 1163 1003 quod
1175 935 1297 992 Ecclesia
1313 935 1457 1003 seniensis
1470 936 1600 991 dedicata
1615 937 1650 991 sit
1663 936 1808 994 subtituto

120 1014 269 1066 sanctorum
284 1012 445 1063 marturum
457 1004 582 1063 Gerrasii
598 1012 626 1064 et
638 1008 769 1064 protasii.
785 1008 945 1065 tribianum
963 1012 1043 1063 estcex
1059 1007 1299 1067 OrdericoVitali
1313 1007 1386 1062 libro
1398 1007 1496 1070 citato,
1507 1013 1536 1063 et
1549 1007 1702 1062 Ouitlelmo
1711 1009 1809 1065 Cema·

120 1080 219 1135 ticenei.
234 1080 282 1133 lib.
299 1096 335 1133 ru
355 1079 470 1141 ilistor,
485 1096 538 1147 cap
566 1080 598 1133 13
613 1082 639 1131 et
658 1081 701 1133 tb.
717 1081 774 1133 Sub
789 1080 873 1134 linem
886 1078 973 1148 hrains
984 1079 1093 1135 Codicis
1109 1083 1152 1132 est
1166 1079 1305 1134 srrcressio
1333 1080 1525 1134 Romanorum
1553 1078 1731 1137 Pontitienm.
1746 1098 1808 1151 qua

119 1151 211 1208 desinit
225 1152 254 1205 in
270 1150 370 1221 Sergio
378 1150 615 1221 tertioseqaitor
629 1151 791 1207 Chroniron
806 1152 841 1204 ab
856 1155 919 1205 ortu
936 1151 1034 1205 mundi
1049 1149 1077 1203 in
1089 1150 1167 1215 cuius
1179 1151 1235 1205 tine
1252 1150 1313 1205 haec
1327 1150 1468 1205 habentor
1484 1169 1490 1205 ι
1510 1151 1544 1204 lit
1564 1167 1581 1205 a
1596 1150 1685 1213 Cario,
1697 1158 1721 1205 et
1738 1152 1809 1206 Car-

120 1224 232 1277 loraarmo
242 1238 330 1292 nsque
345 1222 382 1275 od
398 1222 507 1277 Cortum
519 1223 595 1276 anui
607 1230 733 1291 qrratrmr,
747 1230 771 1275 et
781 1221 876 1275 deinde
886 1221 1004 1276 damnus
1017 1222 1115 1275 Caelus
1128 1222 1200 1276 solas
1212 1238 1325 1285 requam
1340 1223 1463 1283 torrebit,
1479 1228 1504 1276 et
1519 1220 1575 1277 Deo
1588 1228 1746 1292 prateqeate
1759 1239 1810 1288 ou·

119 1294 215 1351 emar.
227 1308 318 1363 easque
332 1293 361 1346 ia
376 1300 537 1360 presentem
552 1288 653 1347 oaorem
666 1293 794 1362 feliciter⁴
804 1294 893 1362 quiret
900 1294 977 1359 requi
984 1294 1044 1347 eius
1050 1292 1419 1361 quodraqemmureecuadm.
1428 1293 1498 1347 Sicut
1505 1300 1592 1347 autem
1602 1293 1687 1347 totins
1697 1309 1809 1349 summer

117 1365 256 1431 aboriqrae
269 1365 376 1427 arraudi,
397 1380 478 1423 uram
492 1364 527 1418 ad
538 1372 696 1433 praesentem
710 1381 813 1418 erarem
830 1380 983 1419 rruoccaxr.
997 1366 1027 1419 ln
1043 1365 1143 1419 eodem
1160 1365 1261 1419 Codice
1275 1363 1361 1419 series
1372 1364 1491 1419 habetor
1505 1380 1604 1431 regum
1621 1365 1807 1433 Francorum,

117 1438 141 1491 in
153 1437 230 1503 cnjus
245 1434 301 1490 fine
317 1435 377 1490 heac
392 1434 497 1503 scripta
509 1439 574 1492 sunt
592 1438 721 1490 :Mortuo
736 1435 851 1491 lieberto
863 1452 923 1500 reqr
940 1436 1076 1489 Hearicue
1090 1435 1239 1503 filiastrius.
1253 1435 1344 1490 adhuc
1356 1435 1526 1501 secernentur,
1542 1435 1644 1491 multos
1654 1436 1772 1491 iusidias
1782 1443 1810 1492 et

116 1508 283 1563 calamitates
294 1522 437 1578 amaeam
452 1513 489 1561 ert
504 1523 523 1561 a
538 1508 711 1561 ariacioitrer
723 1509 801 1573 requi
817 1520 827 1565 :
841 1507 948 1560 caecilio
965 1507 1013 1561 liei
1022 1508 1155 1570 munitur,
1168 1509 1385 1561 amaminimieor
1401 1522 1463 1563 suos
1476 1507 1638 1571 errbirrqaoit
1652 1523 1710 1560 suar
1724 1509 1807 1561 seroi-

10 1636 20 1655 ‚
115 1579 172 1634 tuti
189 1579 226 1633 Ex
241 1578 345 1648 quibus
360 1577 477 1647 pienum
491 1582 534 1633 est
545 1577 621 1633 hone
635 1578 767 1632 Codicem
781 1577 915 1645 scrinium
931 1578 1026 1633 tuisse.
1042 1576 1162 1632 ilenrico
1179 1577 1239 1645 illc,
1252 1577 1299 1649 qui
1316 1577 1425 1647 orimus
1453 1578 1623 1647 appellatur,
1646 1576 1673 1632 in
1690 1579 1809 1634 Francia

116 1653 255 1721 regnante.
270 1650 319 1718 qui
331 1665 453 1709 reanum
467 1648 531 1703 iniit
545 1666 620 1705 anco
634 1649 749 1705 Domini
764 1649 841 1715 1032,
853 1650 936 1719 juxta
952 1650 1125 1720 Sigibertum
1139 1647 1323 1715 inChronico,
1333 1650 1408 1720 qnod
1420 1649 1507 1705 etiam
1521 1649 1732 1705 ridetoriorma
1742 1651 1808 1706 cha·

115 1726 247 1776 raeterom
265 1720 352 1791 hujus
366 1719 429 1775 libri
443 1721 573 1775 suadere.

147 1791 191 1848 Usi
204 1792 290 1847 etiam
305 1808 406 1846 sumus
420 1792 522 1846 ordine
532 1793 662 1846 Romano
673 1791 866 1847 vetustissimo
879 1791 1074 1863 manuscripto
1100 1790 1279 1847 bibliothecae
1302 1789 1478 1848 Corbeiensis
1491 1810 1497 1855 ;
1514 1792 1564 1848 sed
1577 1792 1644 1863 qula
1654 1808 1761 1866 magna
1774 1808 1808 1850 ex

116 1868 190 1934 perte
200 1864 276 1918 lacer
294 1866 347 1927 est,
365 1880 455 1932 pauca
470 1879 503 1917 ex
518 1862 568 1917 illo
580 1863 696 1918 haurire
711 1862 865 1933 poterimus.

148 1936 204 1989 noa
221 1933 290 1988 mihi
301 1934 390 1988 etiam
406 1934 623 2000 aarumorciuit
637 1935 713 1989 Orda
724 1935 841 2004 quidam
849 1933 1060 2003 manuscriptus
1072 1933 1252 1989 bibliothece,
1263 1935 1429 1990 monasterii
1440 1935 1529 1990 sancti
1545 1933 1681 1990 Germani
1696 1934 1809 1990 aPratis

115 2022 196 2075 prone
210 2005 355 2061 Lutetiam
369 2005 542 2060 Parisiorum
552 2006 609 2067 siti,
625 2005 653 2060 in
668 2022 724 2074 quo
739 2008 904 2075 praesentem
920 2004 1207 2067 lucubratiunculam,
1225 2006 1283 2059 neo
1297 2006 1422 2069 iuvante.
1450 2005 1605 2061 comnosoi.
1630 2005 1723 2061 Codex
1739 2007 1809 2061 satis

116 2077 242 2144 antiquus
253 2076 379 2133 ridetur.
396 2081 424 2131 et
436 2076 557 2143 scriptus
569 2081 636 2132 ante
646 2077 818 2146 curaremus
833 2092 924 2131 annos
939 2094 946 2133 t
963 2076 999 2130 ad
1014 2077 1209 2143 cojrrscalcem
1221 2077 1470 2137 catardouneendi
1482 2076 1651 2137 intirmiscd
1663 2078 1809 2147 scripturae

116 2152 200 2202 atoto
214 2164 302 2218 opere
318 2148 514 2211 discreaantis,
539 2165 593 2203 aec
605 2150 678 2203 adca
694 2152 822 2204 vetustae.
840 2147 982 2214 siquidem
994 2151 1137 2203 trecentos
1152 2164 1243 2202 annos
1275 2149 1322 2202 rix
1342 2164 1478 2213 snoerare
1489 2148 1615 2211 ridetur,
1625 2149 1810 2219 sequiturque

115 2235 191 2273 usura
206 2223 344 2275 extremae
357 2219 498 2274 unctionis
509 2220 707 2275 recentiorem.
725 2218 865 2277 hab->tane
878 2218 1001 2273 formam
1015 2219 1252 2289 deprecatoriam,
1264 2218 1467 2290 hodiernaeque
1479 2219 1614 2283 similem,
1630 2236 1688 2275 non
1703 2219 1811 2276 indica·

116 2290 208 2350 liram,
221 2307 311 2360 quam
327 2290 497 2345 vetustiores
513 2291 631 2345 Codices
646 2290 831 2359 manuscripti
849 2293 1015 2355 agnoscunt.

145 2363 257 2416 losuoer
272 2361 450 2416 collectanea
465 2363 594 2432 quaedam
610 2361 689 2417 misit
701 2362 736 2417 ad
753 2378 799 2415 me
809 2360 1039 2416 virdoctissimus
1053 2363 1178 2415 loannes
1190 2359 1353 2424 lePrercst,
1367 2361 1521 2416 eanonicus
1535 2365 1563 2415 et
1577 2361 1810 2417 bibliothecarios

111 2431 220 2498 insignis
235 2432 371 2487 Ecclesiae
385 2433 635 2495 Rothomarensis.
653 2451 686 2488 ex
703 2434 812 2488 duobus
826 2432 950 2501 antiquis
966 2431 1204 2487 sacramentariis
1223 2448 1271 2486 seu
1291 2432 1506 2488 pontificalibus
1521 2433 1733 2503 manuscriptis.
1745 2449 1811 2503 quta

111 2502 136 2556 in
148 2504 274 2571 ejusdem
290 2503 423 2558 Ecclesiae
439 2505 591 2560 secretario
606 2508 800 2560 asservantur.
816 2520 938 2574 quorum
954 2503 1076 2558 alteram
1106 2503 1217 2557 ridetur
1239 2520 1301 2558 esse
1326 2504 1525 2567 boeticaoum.
1543 2509 1574 2559 ut
1588 2505 1647 2574 ipse
1662 2505 1809 2574 opinatur,

111 2573 190 2643 idque
203 2577 282 2641 natet
295 2591 328 2629 cx
345 2575 452 2630 sanctis
466 2575 639 2641 Angliraois,
652 2575 698 2644 qui
712 2575 820 2639 cassim
846 2576 874 2629 in
891 2574 945 2629 hoc
971 2574 1043 2629 libro
1070 2575 1268 2631 nominantur.
1282 2579 1311 2629 et
1326 2592 1358 2630 ex
1375 2576 1562 2630 coronatione
1574 2592 1673 2643 regum
1689 2576 1809 2641 Aureliae,

110 2661 168 2714 quea
183 2645 210 2700 in
222 2645 276 2699 bec
288 2645 393 2700 Codice
405 2650 507 2702 exstat.
525 2646 650 2703 atterum
668 2647 779 2701 ridetur
793 2645 879 2700 luisse
895 2646 963 2699 olim
980 2645 1109 2701 Ecclesiae
1125 2646 1305 2707 Rhemensis,
1321 2647 1388 2716 quia
1406 2647 1433 2702 in
1451 2647 1550 2702 litania
1564 2647 1758 2703 coronationis
1769 2664 1812 2702 re

108 2732 258 2843 {aranme
273 2716 333 2772 illic
347 2717 478 2781 habetor,
494 2718 521 2773 hi
537 2718 626 2773 sancti
641 2718 772 2773 Ecclesiae
786 2716 1169 2774 Rhemensisnominantur:
1184 2717 1324 2783 Nicasius,
1341 2718 1495 2792 Remigius,
1513 2718 1619 2773 Sixtus.
1637 2717 1766 2783 Sinicius,
1784 2720 1812 2774 et

131 2804 174 2855 uro
193 2793 279 2843 erius.

142 2859 211 2914 Usus
224 2875 291 2914 sum
307 2858 396 2916 etiarn
407 2859 510 2915 Codice
525 2860 720 2928 manuscripto
735 2858 806 2914 mihi
820 2860 929 2914 tradito
942 2876 976 2915 ex
990 2859 1162 2915 bibliotheca
1172 2860 1339 2916 monasterii
1353 2861 1443 2916 sancti
1457 2861 1590 2927 Remigii,
1609 2860 1725 2916 Rhamis
1748 2860 1811 2915 ion·

111 2929 175 2993 dati,
190 2930 300 3000 scripto
312 2930 424 2985 circiter
437 2948 545 2986 annum
562 2931 664 2985 Christi
680 2930 877 2991 millesimum,
889 2934 919 2986 in
932 2948 988 3000 quo
1002 2936 1104 2997 crater
1118 2931 1174 2986 alia
1186 2931 1277 2986 mulla
1289 2948 1353 2998 qma
1369 2934 1405 2987 ad
1419 2937 1549 2988 nostrum
1565 2932 1742 3003 propositum
1756 2931 1808 2986 mi-

111 3000 183 3056 nime
194 3006 328 3069 mettani
341 3003 397 3058 duo
412 3007 478 3057 sunt
490 3003 615 3063 ordines,
629 3003 702 3057 alter
716 3004 752 3056 ad
767 3002 894 3057 dandam
905 3003 1115 3069 paenitentiam.
1127 3002 1201 3058 alter
1215 3004 1250 3058 ad
1266 3002 1440 3060 visitandum
1455 3004 1613 3070 infirmnm,
1627 3003 1674 3076 qui
1691 3002 1761 3059 mihi
1775 3003 1812 3059 ad

111 3070 232 3127 harcduo
248 3078 435 3128 sacramenta
447 3073 617 3128 illustranda
633 3090 689 3128 non
707 3074 879 3127 mediocrem
890 3073 981 3129 lucem
997 3076 1163 3129 attuleruut.

143 3144 202 3199 lion
217 3144 293 3199 mihi
307 3145 396 3199 eliam
410 3161 510 3209 aarum
524 3145 645 3199 contulit
659 3145 719 3209 ocis
734 3144 966 3213 Martyrologium
982 3147 1072 3202 saneti
1085 3145 1248 3214 Hieronymi
1261 3162 1355 3202 ms.ex
1370 3146 1543 3201 bibliotheca
1558 3144 1812 3216 Corbeicnsi.quod

112 3214 231 3284 quidem.
247 3220 282 3270 ut
295 3214 383 3271 libere
395 3216 489 3271 dicam
505 3216 572 3284 quid
586 3218 621 3270 de
632 3233 664 3270 ec
679 3216 813 3271 sentiam.
827 3232 883 3270 non
896 3216 1010 3272 ridetur
1024 3234 1138 3277 nurum.
1150 3234 1211 3271 cum
1227 3216 1255 3271 in
1272 3234 1305 3273 eo
1321 3218 1598 3277 multasanctorum.
1610 3218 1656 3287 qui
1674 3221 1738 3278 nost
1748 3232 1812 3271 san·

112 3290 182 3340 ctam
198 3285 407 3354 Hieronymum
421 3287 566 3344 vixerunt.
583 3287 701 3342 numina
717 3287 830 3354 adjecta
844 3286 994 3343 videantur
1005 3290 1040 3343 ab
1053 3288 1115 3357 iaso
1126 3288 1271 3353 scriptore.
1286 3288 1407 3358 quisanc
1418 3290 1471 3344 tuit
1485 3291 1643 3345 monachus
1657 3289 1812 3343 Corbeieo·

112 3356 155 3410 sis.
167 3356 315 3427 Siquidem
331 3358 370 3412 ibi
387 3363 502 3413 notator
518 3358 668 3413 translatio
687 3358 777 3413 sancti
792 3359 954 3416 Prmccrdii.
970 3361 1050 3423 cuius
1078 3377 1179 3421 coraus
1192 3360 1220 3414 in
1237 3360 1313 3415 dicto
1341 3362 1517 3419 monasterio
1544 3366 1682 3419 serretur.
1717 3360 1812 3414 obitos
1878 3406 1883 3413 .
1947 3408 1950 3419 ‚

112 3426 254 3483 theofredi
267 3428 355 3498 primi
372 3431 484 3484 abbatis
495 3429 784 3487 Cnrheiensis.obitus
799 3430 911 3485 lietoldi
925 3431 1035 3485 abbatis
1062 3433 1191 3497 eiusdem
1218 3432 1350 3493 caenobii,
1379 3432 1511 3488 dedicato
1541 3432 1668 3487 ecelesiae
1682 3432 1811 3500 ejusdem

113 3494 171 3559 ioci,
185 3503 212 3553 et
227 3500 437 3555 nonnullorum
450 3502 631 3561 sacellorum,
640 3518 703 3571 quea
714 3500 940 3555 adhncCorbeiae
951 3502 1092 3557 visuntur.
1103 3503 1197 3557 Codex
1208 3506 1306 3556 tamen
1318 3503 1452 3573 antiquus
1465 3508 1517 3569 est,
1527 3507 1557 3560 et
1568 3505 1680 3560 ridetur
1690 3501 1811 3571 scriptus

113 3572 174 3625 eote
185 3586 279 3625 annos
291 3576 451 3627 sexcentas.
469 3572 538 3627 linia
548 3576 727 3628 accesserunt
738 3576 842 3627 cratera
859 3575 988 3642 quaedam
1004 3574 1205 3644 Martyrotaqia
1217 3577 1244 3629 ct
1259 3574 1435 3630 Kalendaria
1444 3574 1639 3646 manuscripta
1654 3591 1717 3646 qnae
1729 3572 1811 3628 nohis

112 3639 193 3695 etiam
206 3641 234 3696 in
250 3642 307 3697 hoc
323 3659 410 3712 opere
423 3643 628 3701 nraeluxerunt.

144 3712 203 3766 Non
219 3717 264 3768 est
278 3713 327 3769 hic
340 3714 513 3770 omittendus
527 3716 567 3781 tt)
583 3715 659 3769 Ordo
673 3715 819 3769 Romanus
829 3713 1258 3783 jampridemtycismandatus,
1272 3730 1356 3778 quem
1370 3714 1619 3782 etiamdiliqenter
1637 3714 1812 3770 contulimus

113 3799 170 3837 cum
187 3784 291 3839 Codice
307 3785 398 3840 saneti
418 3785 508 3845 Elicii.
525 3786 665 3841 Honorius
681 3785 956 3851 huerrstodunensis,
969 3785 1016 3839 lib.
1032 3786 1067 3840 de
1090 3784 1248 3840 illustribus
1271 3785 1403 3842 Ecclesiae
1419 3786 1619 3846 Scriotorihus,
1634 3785 1748 3839 Ordinis
1758 3787 1812 3839 llo-

112 3854 185 3909 mani
200 3861 353 3911 auctorem
370 3856 439 3911 iacit
452 3857 624 3912 hernaldum
640 3858 795 3919 qrremdam
811 3856 1174 3911 aeclesietonstamtensts
1185 3858 1450 3927 oreshrternmqui
1466 3858 1562 3913 ilornit
1576 3859 1628 3912 sub
1639 3856 1760 3913 ilenrico
1770 3856 1810 3912 tv

113 3925 303 3994 imperatore:
321 3927 361 3981 ita
377 3928 453 3982 enim
469 3928 509 3983 ait
523 3945 529 3984 :
545 3927 701 3983 neruoram
710 3926 933 3985 Constantianus
943 3927 1063 3982 Ecclesiae
1072 3928 1208 3995 presbiter
1215 3927 1343 3984 Ordinem
1360 3929 1515 3983 Romanum
1524 3930 1684 3998 subquarta
1695 3928 1811 3982 ilenrico

112 3999 260 4055 mmoomie.
272 3998 354 4064 Quod
369 4003 465 4053 tamen
481 4016 537 4054 non
553 4000 664 4054 ridetur
674 4014 875 4067 usquequaque
903 4016 1012 4053 reram.
1030 3999 1175 4063 Siquidem
1197 3999 1243 4054 hic
1271 4000 1348 4054 Ordo
1375 4001 1522 4055 Romanus
1536 4005 1580 4056 est
1589 4000 1733 4069 antiquior
1748 3998 1810 4068 ipso

114 4066 259 4127 liemoldo.
281 4074 309 4123 et
327 4070 447 4126 ilenrico
458 4075 559 4141 quarto
574 4070 746 4133 imneretore
777 4069 889 4124 litenim
915 4071 1150 4125 Ordoliomanus
1173 4070 1277 4124 citatur
1298 4070 1412 4125 inlibro
1439 4074 1694 4127 sacramentorum
1707 4086 1809 4125 manu·

113 4138 211 4208 semota
227 4140 343 4194 lietoldi
360 4142 482 4203 abbatis,
498 4144 533 4196 de
545 4159 601 4210 quo
616 4157 702 4203 serora
715 4140 836 4203 egimus,
850 4140 877 4196 in
892 4139 962 4195 teria
977 4141 1077 4211 quinta
1090 4142 1118 4195 in
1135 4142 1221 4196 Caena
1251 4141 1376 4199 Oomini.
1393 4142 1438 4197 ubi
1452 4143 1547 4199 aeitur
1558 4145 1593 4198 de
1608 4141 1809 4209 penitentium

114 4210 353 4271 reconciliatione.
368 4211 395 4267 in
412 4213 474 4268 haec
488 4215 573 4267 rerba
589 4229 595 4267 :
611 4213 756 4281 Fariatqne
770 4228 918 4267 sermonem
933 4220 990 4267 tum
1000 4213 1105 4275 carretis
1119 4229 1197 4269 arram
1211 4213 1410 4275 renitentibus.
1421 4214 1488 4268 sicot
1500 4215 1569 4267 (tr-dc
1579 4215 1704 4270 resecarit
1716 4216 1810 4268 itoma-

113 4281 228 4336 narllic
242 4287 343 4337 autem
359 4284 431 4338 liber
443 4284 563 4351 scriptos
573 4288 615 4337 est
631 4289 697 4337 ante
713 4299 821 4338 anatim
833 4284 894 4341 986.
912 4285 1039 4339 nondum
1052 4287 1120 4337 nata
1132 4282 1281 4337 licrnoldo.
1292 4283 1464 4339 Mentionem
1478 4284 1809 4341 etiamillinstacitlsaac

115 4351 299 4409 linrmnensis
314 4354 471 4423 episcenos,
484 4372 548 4411 can.
564 4356 608 4409 35.
621 4354 668 4424 qui
679 4354 774 4408 tloruit
787 4358 916 4421 tempore
928 4354 1020 4410 Caroli
1036 4354 1113 4409 Calvi
1125 4354 1318 4417 imceratoris,
1330 4354 1487 4417 lanceante
1499 4358 1671 4412 Beroaldum
1688 4359 1787 4409 natum
1800 4369 1807 4407 ι

116 4423 143 4475 tr
156 4423 204 4487 ibi,
218 4424 324 4493 inquit,
342 4426 375 4479 ab
389 4427 510 4481 eniscorm
521 4426 649 4481 canoniea
659 4433 682 4479 el
695 4425 901 4481 ordinabiliter.
915 4427 984 4481 siout
999 4428 1029 4480 in
1045 4426 1276 4481 sacramentoria.
1303 4431 1329 4479 et
1355 4426 1480 4481 Romana
1511 4429 1619 4482 (ir-diua
1645 4426 1807 4487 continetur,

113 4496 329 4550 reconci'ientur.
344 4496 454 4551 Citatur
468 4498 554 4552 etiam
570 4498 605 4551 ab
622 4496 776 4553 amalario.
791 4497 837 4565 qni
850 4497 942 4551 iloruit
956 4500 1084 4561 lembore
1099 4496 1230 4551 trederici
1247 4496 1286 4550 eti
1301 4497 1492 4565 imperatoris.
1511 4499 1576 4553 libr
1594 4500 1628 4553 de
1644 4497 1751 4551 Oltiriis
1762 4497 1809 4549 ne-

114 4563 175 4618 cles.
196 4584 283 4637 ,caru
303 4568 357 4622 te:
377 4569 560 4623 liestmonam
575 4570 603 4621 in
618 4568 720 4621 Ordine
748 4568 882 4629 Romano,
909 4569 955 4621 ubi
980 4569 1141 4635 praecinitur
1166 4568 1255 4620 utare
1283 4568 1426 4631 utaferic
1440 4573 1546 4637 qrriuta,
1559 4585 1644 4638 arque
1655 4571 1683 4622 in
1694 4567 1810 4621 Sabbata

111 4642 199 4691 arneto
213 4639 293 4692 nuda
304 4639 360 4693 sint
373 4640 491 4694 altario.
508 4640 587 4704 Quod
601 4644 692 4694 exstat
709 4638 736 4692 iu
753 4639 858 4692 Ordine
890 4640 1028 4700 Romana,
1054 4639 1124 4693 teria
1145 4638 1245 4707 quinta
1274 4638 1527 4695 inCmnaOomini
1545 4658 1550 4695 :
1567 4641 1586 4695 Α
1605 4644 1808 4697 resaeraauteaa

114 4705 905 4777 bajusdictandariutalteriourqueiamaaeSobbati.
940 4712 1103 4775 Qum-enon
1139 4709 1251 4775 nronrie,
1282 4709 1336 4764 dici
1371 4712 1811 4772 ooteslhicliernoldnsauclnt

114 4777 224 4833 Ordinis
238 4781 375 4843 Romani,
389 4783 437 4835 secl
449 4786 560 4837 tantam
576 4781 761 4840 instaurator,
776 4780 823 4847 qui
839 4781 918 4835 illurn
947 4781 1111 4835 recocnovit
1137 4780 1307 4849 quibusdam
1335 4782 1470 4835 detractis
1483 4787 1511 4835 et.
1523 4783 1627 4837 additis
1638 4783 1714 4847 irrxta
1727 4795 1810 4834 usum

114 4865 194 4915 quem
212 4851 240 4905 in
253 4851 381 4907 Ecclesia
393 4857 582 4921 suotemocre
594 4852 719 4905 videbat.
737 4853 816 4917 Quod
833 4851 902 4906 satis
917 4852 1050 4906 credibile
1065 4855 1117 4908 est.
1139 4868 1203 4906 crrm
1229 4850 1278 4907 ille
1303 4852 1378 4904 Ordo
1402 4855 1558 4909 Romanus.
1574 4855 1619 4921 qni
1637 4852 1811 4913 iamnridem

115 4920 290 4988 typiseditus
305 4928 359 4985 est,
376 4940 461 4991 partis
476 4941 530 4978 non
547 4925 592 4984 sir.
608 4923 674 4992 qnia
688 4923 715 4976 in
732 4923 831 4977 multis
844 4924 879 4975 ab
894 4924 1018 4987 antiquis
1044 4924 1292 4979 Sacrameatorum
1308 4922 1387 4977 libris
1410 4926 1505 4979 delicit
1546 4927 1606 4979 lma
1622 4924 1681 4978 inre
1696 4923 1767 4977 liber
1782 4921 1810 4976 in

116 4992 211 5047 ordine
225 4994 346 5049 Sabbati
359 4995 448 5050 saneti
462 4997 512 5049 snb
528 4996 614 5049 tinem
630 4993 821 5048 ordinationis
836 4993 928 5047 Missae
944 4994 1013 5049 citat
1043 4995 1177 5050 Ordinem
1204 4997 1373 5048 Romanum.
1392 4999 1419 5049 et
1452 4996 1578 5050 abiltius
1610 4995 1665 5050 ritu
1693 4994 1811 5048 recedit.

116 5061 225 5125 Deinde,
245 5064 431 5134 inquitatem
451 5067 589 5125 diaeonus,
609 5065 963 5120 ltemisauertsecuudum
982 5068 1129 5120 Romanum
1163 5065 1302 5121 Ordinem.
1333 5065 1596 5122 sedururli'erlerire
1618 5065 1812 5120 enarrandae

115 5139 224 5201 mnatre
238 5136 378 5204 Vesanus.
398 5138 430 5191 la
444 5138 491 5193 bac
504 5145 576 5191 noete
588 5137 619 5189 de
630 5135 811 5191 recruduerit
828 5136 928 5204 sycari
939 5136 1016 5195 cnud
1050 5137 1178 5190 homenes
1190 5135 1262 5188 nibil
1291 5138 1394 5199 ariter.
1408 5155 1494 5203 raeque
1505 5148 1568 5193 aare
1593 5141 1713 5193 mirram.
1731 5151 1813 5205 aeque

116 5211 171 5272 nost
187 5209 314 5263 mirsam.
326 5207 402 5264 laria
412 5224 461 5263 aas
474 5214 565 5264 autem
576 5225 646 5261 riuus
659 5208 691 5260 de
704 5207 812 5269 rebbla,
828 5208 872 5261 ent
883 5207 986 5266 iurmm
1000 5208 1093 5269 iecerit.
1114 5224 1162 5273 pro
1174 5206 1335 5261 Antiniana
1345 5207 1443 5263 iaricit
1456 5210 1576 5266 Alleluia
1589 5210 1626 5265 ad
1641 5210 1789 5275 vrrsaeram
1803 5221 1811 5270 ;

116 5275 212 5331 rtdnm
224 5280 498 5339 cammrrur'raoeriut,
514 5279 1010 5345 rontolrrrprcoerurrasarcinanter
1036 5278 1158 5333 canimus
1179 5278 1483 5342 turrdatenominum‚
1498 5298 1599 5339 omues
1628 5283 1737 5353 gentes,
1752 5283 1813 5343 ein,

117 5350 270 5404 secundam
285 5351 458 5406 hodiernum
477 5368 570 5406 arsum.
587 5350 633 5407 qni
651 5353 749 5408 oostea
764 5348 882 5402 invaluit
895 5349 982 5402 etiam
998 5349 1024 5403 in
1036 5350 1161 5405 Ecclesia
1179 5350 1317 5404 itomana.

149 5417 326 5477 Hancetiarn
339 5419 963 5483 Codicemsanctitlliaiidiligentereontuli
996 5436 1060 5474 carm
1095 5419 1171 5473 edito
1201 5420 1449 5475 sacramentorum
1465 5422 1536 5477 libro
1549 5423 1596 5492 qui
1612 5426 1740 5487 temnere
1756 5417 1816 5471 Cle-

119 5490 290 5549 mentisvttt
305 5493 374 5549 exiit
389 5510 422 5546 ex
434 5493 606 5546 bibliotheca
620 5492 846 5549 Vaticana3serl
860 5509 916 5545 non
950 5491 1103 5545 minimum
1137 5491 1288 5545 discrimen
1316 5491 1390 5547 inter
1416 5498 1569 5555 utrumque
1589 5487 1817 5559 reperilicetin

119 5560 213 5615 multis
227 5568 409 5620 conveniant.
423 5566 495 5619 Nam
508 5565 600 5618 Codex
616 5561 826 5627 manuscriptus
842 5562 1022 5618 bibliothecae
1038 5563 1193 5619 materne.
1204 5563 1280 5616 unde
1299 5562 1392 5616 editus
1408 5566 1594 5631 transcriptus
1605 5568 1655 5619 est.
1669 5578 1725 5617 non
1742 5559 1819 5615 vide·

119 5634 163 5684 tor
176 5650 238 5689 esse
254 5639 324 5689 adea
340 5636 485 5701 antiquus.
498 5653 562 5689 euru
577 5633 713 5690 nonnulla
726 5633 932 5695 complectatur
945 5652 1005 5700 qum
1021 5635 1221 5701 antiquitatem
1237 5650 1292 5687 non
1314 5635 1471 5697 redoleant,
1486 5642 1515 5690 ut
1531 5636 1655 5707 plurima
1670 5632 1742 5685 testa
1756 5647 1820 5688 aum

121 5700 201 5761 tonan
221 5711 283 5775 post
299 5714 429 5767 temnere
441 5708 468 5761 in
484 5724 534 5761 usu
553 5706 640 5765 luere,
654 5705 804 5767 nullasque
819 5704 847 5758 in
864 5722 897 5760 eo
914 5707 1129 5760 benedictiones
1142 5704 1316 5771 enisconales
1331 5706 1456 5769 recerire
1467 5711 1519 5765 est,
1536 5724 1598 5773 qure
1614 5712 1711 5760 tamen
1728 5703 1823 5758 adhuc

123 5773 230 5830 usitatae
246 5785 326 5834 erant
341 5783 473 5848 tempore
489 5777 602 5832 llonorii
619 5776 883 5843 buqrrstoduneasis
899 5778 1022 5831 arretoris
1038 5778 1100 5831 libri
1119 5777 1165 5845 qui
1182 5775 1346 5830 inscribitur
1361 5777 1474 5831 Oeurmc
1491 5780 1598 5839 animm,
1617 5777 1645 5832 ia
1657 5789 1823 5845 qaoearum

120 5845 188 5901 ratio
201 5853 231 5903 et
242 5851 400 5908 methodus
413 5848 591 5917 describitur,
606 5847 653 5919 qui
668 5847 738 5903 rixit
747 5863 824 5903 anno
836 5847 915 5913 llio,
928 5848 1012 5921 juxta
1023 5848 1225 5912 trithemium,
1241 5846 1300 5901 imo
1315 5847 1408 5903 adbuc
1421 5848 1449 5903 in
1461 5850 1633 5920 quibusdam
1644 5846 1826 5906 Eccleaiisce·

144 5976 183 6055 (t)
193 5974 236 6033 no
261 5979 367 6040 Ordine
379 5976 506 6036 Romano
520 5974 823 6052 legecommentarium
836 5976 966 6050 pravium
978 5976 1008 6033 in
1021 5975 1111 6052 ipsum
1123 5976 1157 6033 O.
1170 5970 1264 6032 llabill
1285 5971 1352 6029 torn.
1368 5971 1393 6029 ll
1404 5971 1493 6029 Musti
1507 5971 1605 6035 Italici.
