<?xml version="1.0" encoding="UTF-8"?>
<!DOCTYPE html PUBLIC "-//W3C//DTD XHTML 1.0 Transitional//EN"
    "http://www.w3.org/TR/xhtml1/DTD/xhtml1-transitional.dtd">
<html xmlns="http://www.w3.org/1999/xhtml" xml:lang="en" lang="en">
 <head>
  <title>
</title>
<meta http-equiv="Content-Type" content="text/html;charset=utf-8" />
  <meta name='ocr-system' content='tesseract 3.04.00' />
  <meta name='ocr-capabilities' content='ocr_page ocr_carea ocr_par ocr_line ocrx_word'/>
</head>
<body>
  <div class='ocr_page' id='page_1' title='image "./patrologiaecurs218unkngoog/patrologiaecurs218unkngoog_0198.png"; bbox 0 0 4062 6180; ppageno 0'>
   <div class='ocr_carea' id='block_1_1' title="bbox 260 148 318 235">
    <p class='ocr_par' dir='ltr' id='par_1_1' title="bbox 260 148 318 235">
     <span class='ocr_line' id='line_1_1' title="bbox 260 148 318 235; baseline 0 0"><span class='ocrx_word' id='word_1_1' title='bbox 260 148 318 235; x_wconf 75' lang='lat' dir='ltr'><strong>&#39;aaa</strong></span> 
     </span>
    </p>
   </div>
   <div class='ocr_carea' id='block_1_2' title="bbox 256 306 844 4339">
    <p class='ocr_par' dir='ltr' id='par_1_2' title="bbox 261 306 475 371">
     <span class='ocr_line' id='line_1_2' title="bbox 261 306 475 371; baseline -0.005 -10"><span class='ocrx_word' id='word_1_2' title='bbox 261 306 365 371; x_wconf 76' lang='lat' dir='ltr'><strong>Sancte</strong></span> <span class='ocrx_word' id='word_1_3' title='bbox 385 308 475 370; x_wconf 79' lang='lat' dir='ltr'><strong>Patre,</strong></span> 
     </span>
    </p>

    <p class='ocr_par' dir='ltr' id='par_1_3' title="bbox 260 372 479 435">
     <span class='ocr_line' id='line_1_3' title="bbox 260 372 479 435; baseline -0.009 -4"><span class='ocrx_word' id='word_1_4' title='bbox 260 372 366 431; x_wconf 79' lang='lat' dir='ltr'><strong>Sancte‘</strong></span> <span class='ocrx_word' id='word_1_5' title='bbox 384 376 479 435; x_wconf 86' lang='lat' dir='ltr'><strong>Paule,</strong></span> 
     </span>
    </p>

    <p class='ocr_par' dir='ltr' id='par_1_4' title="bbox 259 448 502 507">
     <span class='ocr_line' id='line_1_4' title="bbox 259 448 502 507; baseline -0.008 -5"><span class='ocrx_word' id='word_1_6' title='bbox 259 448 363 502; x_wconf 87' lang='lat' dir='ltr'><strong>Sancte</strong></span> <span class='ocrx_word' id='word_1_7' title='bbox 379 448 502 507; x_wconf 77' lang='lat' dir='ltr'><strong>andrea.</strong></span> 
     </span>
    </p>

    <p class='ocr_par' dir='ltr' id='par_1_5' title="bbox 259 518 495 584">
     <span class='ocr_line' id='line_1_5' title="bbox 259 518 495 584; baseline -0.008 -11"><span class='ocrx_word' id='word_1_8' title='bbox 259 519 361 573; x_wconf 87' lang='lat' dir='ltr'><strong>Sancte</strong></span> <span class='ocrx_word' id='word_1_9' title='bbox 379 518 495 584; x_wconf 87' lang='lat' dir='ltr'><strong>Jacobe,</strong></span> 
     </span>
    </p>

    <p class='ocr_par' dir='ltr' id='par_1_6' title="bbox 258 588 515 653">
     <span class='ocr_line' id='line_1_6' title="bbox 258 588 515 653; baseline 0.004 -12"><span class='ocrx_word' id='word_1_10' title='bbox 258 588 360 642; x_wconf 90' lang='lat' dir='ltr'><strong>Sancte</strong></span> <span class='ocrx_word' id='word_1_11' title='bbox 379 588 515 653; x_wconf 85' lang='lat' dir='ltr'><strong>loannes,</strong></span> 
     </span>
    </p>

    <p class='ocr_par' dir='ltr' id='par_1_7' title="bbox 258 659 500 723">
     <span class='ocr_line' id='line_1_7' title="bbox 258 659 500 723; baseline 0.004 -11"><span class='ocrx_word' id='word_1_12' title='bbox 258 659 362 713; x_wconf 87' lang='lat' dir='ltr'><strong>Sancte</strong></span> <span class='ocrx_word' id='word_1_13' title='bbox 381 659 500 723; x_wconf 87' lang='lat' dir='ltr'><strong>Thoma,</strong></span> 
     </span>
    </p>

    <p class='ocr_par' dir='ltr' id='par_1_8' title="bbox 258 729 490 797">
     <span class='ocr_line' id='line_1_8' title="bbox 258 729 490 797; baseline 0.004 -14"><span class='ocrx_word' id='word_1_14' title='bbox 258 729 362 784; x_wconf 88' lang='lat' dir='ltr'><strong>Sancte</strong></span> <span class='ocrx_word' id='word_1_15' title='bbox 376 732 490 797; x_wconf 81' lang='lat' dir='ltr'><strong>lacobe,</strong></span> 
     </span>
    </p>

    <p class='ocr_par' dir='ltr' id='par_1_9' title="bbox 257 800 517 872">
     <span class='ocr_line' id='line_1_9' title="bbox 257 800 517 872; baseline 0.008 -18"><span class='ocrx_word' id='word_1_16' title='bbox 257 800 361 855; x_wconf 89' lang='lat' dir='ltr'><strong>Sancte</strong></span> <span class='ocrx_word' id='word_1_17' title='bbox 381 801 517 872; x_wconf 87' lang='lat' dir='ltr'><strong>Phlippe,</strong></span> 
     </span>
    </p>

    <p class='ocr_par' dir='ltr' id='par_1_10' title="bbox 258 872 603 939">
     <span class='ocr_line' id='line_1_10' title="bbox 258 872 603 939; baseline 0.012 -14"><span class='ocrx_word' id='word_1_18' title='bbox 258 872 362 926; x_wconf 79' lang='lat' dir='ltr'><strong>Sancte</strong></span> <span class='ocrx_word' id='word_1_19' title='bbox 381 873 603 939; x_wconf 80' lang='lat' dir='ltr'><strong>Bartholomaee,</strong></span> 
     </span>
    </p>

    <p class='ocr_par' dir='ltr' id='par_1_11' title="bbox 259 942 523 1010">
     <span class='ocr_line' id='line_1_11' title="bbox 259 942 523 1010; baseline 0.004 -12"><span class='ocrx_word' id='word_1_20' title='bbox 259 944 362 998; x_wconf 89' lang='lat' dir='ltr'><strong>Sancte</strong></span> <span class='ocrx_word' id='word_1_21' title='bbox 381 942 523 1010; x_wconf 75' lang='lat' dir='ltr'><strong>Matthiae,</strong></span> 
     </span>
    </p>

    <p class='ocr_par' dir='ltr' id='par_1_12' title="bbox 259 1013 493 1078">
     <span class='ocr_line' id='line_1_12' title="bbox 259 1013 493 1078; baseline 0.004 -11"><span class='ocrx_word' id='word_1_22' title='bbox 259 1015 362 1068; x_wconf 88' lang='lat' dir='ltr'><strong>Sancte</strong></span> <span class='ocrx_word' id='word_1_23' title='bbox 381 1013 493 1078; x_wconf 84' lang='lat' dir='ltr'>Simon,</span> 
     </span>
    </p>

    <p class='ocr_par' dir='ltr' id='par_1_13' title="bbox 259 1085 508 1156">
     <span class='ocr_line' id='line_1_13' title="bbox 259 1085 508 1156; baseline 0.004 -17"><span class='ocrx_word' id='word_1_24' title='bbox 259 1085 363 1139; x_wconf 87' lang='lat' dir='ltr'><strong>Sancte</strong></span> <span class='ocrx_word' id='word_1_25' title='bbox 377 1086 508 1156; x_wconf 72' lang='lat' dir='ltr'><strong>laddum,</strong></span> 
     </span>
    </p>

    <p class='ocr_par' dir='ltr' id='par_1_14' title="bbox 258 1156 499 1223">
     <span class='ocr_line' id='line_1_14' title="bbox 258 1156 499 1223; baseline 0.008 -15"><span class='ocrx_word' id='word_1_26' title='bbox 258 1157 362 1210; x_wconf 92' lang='lat' dir='ltr'><strong>Sancte</strong></span> <span class='ocrx_word' id='word_1_27' title='bbox 382 1156 499 1223; x_wconf 85' lang='lat' dir='ltr'><strong>Mathia,</strong></span> 
     </span>
    </p>

    <p class='ocr_par' dir='ltr' id='par_1_15' title="bbox 258 1226 521 1297">
     <span class='ocr_line' id='line_1_15' title="bbox 258 1226 521 1297; baseline 0.015 -19"><span class='ocrx_word' id='word_1_28' title='bbox 258 1226 361 1280; x_wconf 88' lang='lat' dir='ltr'><strong>Sancte</strong></span> <span class='ocrx_word' id='word_1_29' title='bbox 379 1227 521 1297; x_wconf 83' lang='lat' dir='ltr'><strong>Daruaba,</strong></span> 
     </span>
    </p>

    <p class='ocr_par' dir='ltr' id='par_1_16' title="bbox 258 1297 467 1364">
     <span class='ocr_line' id='line_1_16' title="bbox 258 1297 467 1364; baseline 0.019 -17"><span class='ocrx_word' id='word_1_30' title='bbox 258 1297 363 1351; x_wconf 88' lang='lat' dir='ltr'><strong>Sancte</strong></span> <span class='ocrx_word' id='word_1_31' title='bbox 383 1298 467 1364; x_wconf 89' lang='lat' dir='ltr'><strong>Luca,</strong></span> 
     </span>
    </p>

    <p class='ocr_par' dir='ltr' id='par_1_17' title="bbox 258 1367 486 1431">
     <span class='ocr_line' id='line_1_17' title="bbox 258 1367 486 1431; baseline 0.009 -10"><span class='ocrx_word' id='word_1_32' title='bbox 258 1367 361 1422; x_wconf 86' lang='lat' dir='ltr'><strong>Sancte</strong></span> <span class='ocrx_word' id='word_1_33' title='bbox 383 1368 486 1431; x_wconf 81' lang='lat' dir='ltr'>Marce,</span> 
     </span>
    </p>

    <p class='ocr_par' dir='ltr' id='par_1_18' title="bbox 258 1438 536 1509">
     <span class='ocr_line' id='line_1_18' title="bbox 258 1438 536 1509; baseline 0.014 -18"><span class='ocrx_word' id='word_1_34' title='bbox 258 1438 361 1493; x_wconf 89' lang='lat' dir='ltr'><strong>Sancte</strong></span> <span class='ocrx_word' id='word_1_35' title='bbox 381 1439 536 1509; x_wconf 87' lang='lat' dir='ltr'><strong>Stephane,</strong></span> 
     </span>
    </p>

    <p class='ocr_par' dir='ltr' id='par_1_19' title="bbox 257 1507 526 1577">
     <span class='ocr_line' id='line_1_19' title="bbox 257 1507 526 1577; baseline 0.015 -16"><span class='ocrx_word' id='word_1_36' title='bbox 257 1507 362 1565; x_wconf 77' lang='lat' dir='ltr'>Sancte</span> <span class='ocrx_word' id='word_1_37' title='bbox 383 1511 526 1577; x_wconf 82' lang='lat' dir='ltr'><strong>Clemens,</strong></span> 
     </span>
    </p>

    <p class='ocr_par' dir='ltr' id='par_1_20' title="bbox 258 1580 469 1643">
     <span class='ocr_line' id='line_1_20' title="bbox 258 1580 469 1643; baseline 0.009 -10"><span class='ocrx_word' id='word_1_38' title='bbox 258 1580 362 1635; x_wconf 91' lang='lat' dir='ltr'><strong>Sancte</strong></span> <span class='ocrx_word' id='word_1_39' title='bbox 382 1581 469 1643; x_wconf 81' lang='lat' dir='ltr'><strong>Sixto,</strong></span> 
     </span>
    </p>

    <p class='ocr_par' dir='ltr' id='par_1_21' title="bbox 258 1652 526 1720">
     <span class='ocr_line' id='line_1_21' title="bbox 258 1652 526 1720; baseline 0.007 -16"><span class='ocrx_word' id='word_1_40' title='bbox 258 1652 362 1706; x_wconf 89' lang='lat' dir='ltr'><strong>Sancte</strong></span> <span class='ocrx_word' id='word_1_41' title='bbox 381 1653 526 1720; x_wconf 84' lang='lat' dir='ltr'><strong>Laurenti,</strong></span> 
     </span>
    </p>

    <p class='ocr_par' dir='ltr' id='par_1_22' title="bbox 258 1722 508 1803">
     <span class='ocr_line' id='line_1_22' title="bbox 258 1722 508 1803; baseline 0 -27"><span class='ocrx_word' id='word_1_42' title='bbox 258 1722 362 1778; x_wconf 91' lang='lat' dir='ltr'><strong>Sancte</strong></span> <span class='ocrx_word' id='word_1_43' title='bbox 384 1723 508 1803; x_wconf 70' lang='lat' dir='ltr'><strong>Dionysi,</strong></span> 
     </span>
    </p>

    <p class='ocr_par' dir='ltr' id='par_1_23' title="bbox 257 1791 503 1856">
     <span class='ocr_line' id='line_1_23' title="bbox 257 1791 503 1856; baseline 0.016 -12"><span class='ocrx_word' id='word_1_44' title='bbox 257 1791 359 1847; x_wconf 85' lang='lat' dir='ltr'><strong>Sancte</strong></span> <span class='ocrx_word' id='word_1_45' title='bbox 380 1795 503 1856; x_wconf 67' lang='lat' dir='ltr'><strong>Rustica,</strong></span> 
     </span>
    </p>

    <p class='ocr_par' dir='ltr' id='par_1_24' title="bbox 257 1862 535 1927">
     <span class='ocr_line' id='line_1_24' title="bbox 257 1862 535 1927; baseline 0.004 -10"><span class='ocrx_word' id='word_1_46' title='bbox 257 1862 360 1919; x_wconf 88' lang='lat' dir='ltr'><strong>Sancta</strong></span> <span class='ocrx_word' id='word_1_47' title='bbox 380 1863 535 1927; x_wconf 85' lang='lat' dir='ltr'><strong>Eleutheri,</strong></span> 
     </span>
    </p>

    <p class='ocr_par' dir='ltr' id='par_1_25' title="bbox 257 1934 528 2000">
     <span class='ocr_line' id='line_1_25' title="bbox 257 1934 528 2000; baseline 0.007 -12"><span class='ocrx_word' id='word_1_48' title='bbox 257 1934 362 1990; x_wconf 89' lang='lat' dir='ltr'><strong>Sancte</strong></span> <span class='ocrx_word' id='word_1_49' title='bbox 382 1934 528 2000; x_wconf 89' lang='lat' dir='ltr'><strong>Duintinc,</strong></span> 
     </span>
    </p>

    <p class='ocr_par' dir='ltr' id='par_1_26' title="bbox 258 2006 512 2069">
     <span class='ocr_line' id='line_1_26' title="bbox 258 2006 512 2069; baseline 0 -10"><span class='ocrx_word' id='word_1_50' title='bbox 258 2006 359 2061; x_wconf 89' lang='lat' dir='ltr'><strong>Sancte</strong></span> <span class='ocrx_word' id='word_1_51' title='bbox 381 2006 512 2069; x_wconf 78' lang='lat' dir='ltr'><strong>luciane,</strong></span> 
     </span>
    </p>

    <p class='ocr_par' dir='ltr' id='par_1_27' title="bbox 257 2075 517 2140">
     <span class='ocr_line' id='line_1_27' title="bbox 257 2075 517 2140; baseline 0.008 -10"><span class='ocrx_word' id='word_1_52' title='bbox 257 2075 362 2132; x_wconf 79' lang='lat' dir='ltr'><strong>Sancte</strong></span> <span class='ocrx_word' id='word_1_53' title='bbox 381 2077 517 2140; x_wconf 78' lang='lat' dir='ltr'><strong>Firmius,</strong></span> 
     </span>
    </p>

    <p class='ocr_par' dir='ltr' id='par_1_28' title="bbox 258 2147 518 2218">
     <span class='ocr_line' id='line_1_28' title="bbox 258 2147 518 2218; baseline 0.012 -18"><span class='ocrx_word' id='word_1_54' title='bbox 258 2147 362 2203; x_wconf 79' lang='lat' dir='ltr'>Sancte</span> <span class='ocrx_word' id='word_1_55' title='bbox 381 2148 518 2218; x_wconf 79' lang='lat' dir='ltr'><strong>Crispina,</strong></span> 
     </span>
    </p>

    <p class='ocr_par' dir='ltr' id='par_1_29' title="bbox 258 2219 567 2288">
     <span class='ocr_line' id='line_1_29' title="bbox 258 2219 567 2288; baseline 0 -15"><span class='ocrx_word' id='word_1_56' title='bbox 258 2220 361 2273; x_wconf 85' lang='lat' dir='ltr'><strong>Sancte</strong></span> <span class='ocrx_word' id='word_1_57' title='bbox 381 2219 567 2288; x_wconf 90' lang='lat' dir='ltr'><strong>Crispiniane,</strong></span> 
     </span>
    </p>

    <p class='ocr_par' dir='ltr' id='par_1_30' title="bbox 258 2290 760 2423">
     <span class='ocr_line' id='line_1_30' title="bbox 258 2290 760 2355; baseline 0.008 -12"><span class='ocrx_word' id='word_1_58' title='bbox 258 2290 361 2344; x_wconf 80' lang='lat' dir='ltr'><strong>Sancte</strong></span> <span class='ocrx_word' id='word_1_59' title='bbox 384 2290 507 2353; x_wconf 81' lang='lat' dir='ltr'><strong>tlauiici,</strong></span> <span class='ocrx_word' id='word_1_60' title='bbox 521 2307 585 2345; x_wconf 92' lang='lat' dir='ltr'><strong>cuin</strong></span> <span class='ocrx_word' id='word_1_61' title='bbox 601 2291 684 2346; x_wconf 89' lang='lat' dir='ltr'><strong>sociis</strong></span> <span class='ocrx_word' id='word_1_62' title='bbox 695 2290 760 2355; x_wconf 89' lang='lat' dir='ltr'><strong>tuis,</strong></span> 
     </span>
     <span class='ocr_line' id='line_1_31' title="bbox 258 2360 526 2423; baseline 0.004 -10"><span class='ocrx_word' id='word_1_63' title='bbox 258 2361 362 2414; x_wconf 79' lang='lat' dir='ltr'><strong>Sancte</strong></span> <span class='ocrx_word' id='word_1_64' title='bbox 382 2360 526 2423; x_wconf 73' lang='lat' dir='ltr'><strong>silvester,</strong></span> 
     </span>
    </p>

    <p class='ocr_par' dir='ltr' id='par_1_31' title="bbox 257 2430 777 2563">
     <span class='ocr_line' id='line_1_32' title="bbox 257 2430 777 2554; baseline 0.002 -67"><span class='ocrx_word' id='word_1_65' title='bbox 257 2430 347 2554; x_wconf 52' lang='lat'><strong>³06</strong></span> <span class='ocrx_word' id='word_1_66' title='bbox 361 2433 465 2487; x_wconf 82' lang='lat' dir='ltr'><strong>Sancte</strong></span> <span class='ocrx_word' id='word_1_67' title='bbox 482 2431 554 2486; x_wconf 72' lang='lat' dir='ltr'><strong>lilari</strong></span> <span class='ocrx_word' id='word_1_68' title='bbox 568 2430 649 2504; x_wconf 78' lang='lat' dir='ltr'><strong>[Cep.</strong></span> <span class='ocrx_word' id='word_1_69' title='bbox 668 2431 777 2506; x_wconf 91' lang='lat' dir='ltr'><strong>llilari],</strong></span> 
     </span>
     <span class='ocr_line' id='line_1_33' title="bbox 277 2502 509 2563; baseline 0.004 -7"><span class='ocrx_word' id='word_1_70' title='bbox 277 2510 360 2557; x_wconf 84' lang='lat' dir='ltr'><strong>anate</strong></span> <span class='ocrx_word' id='word_1_71' title='bbox 379 2502 509 2563; x_wconf 84' lang='lat' dir='ltr'><strong>llartiue,</strong></span> 
     </span>
    </p>

    <p class='ocr_par' dir='ltr' id='par_1_32' title="bbox 256 2574 522 2640">
     <span class='ocr_line' id='line_1_34' title="bbox 256 2574 522 2640; baseline -0.004 -12"><span class='ocrx_word' id='word_1_72' title='bbox 256 2574 359 2628; x_wconf 86' lang='lat' dir='ltr'><strong>Sancte</strong></span> <span class='ocrx_word' id='word_1_73' title='bbox 379 2575 522 2640; x_wconf 81' lang='lat' dir='ltr'><strong>cassiane,</strong></span> 
     </span>
    </p>

    <p class='ocr_par' dir='ltr' id='par_1_33' title="bbox 257 2644 508 2715">
     <span class='ocr_line' id='line_1_35' title="bbox 257 2644 508 2715; baseline -0.004 -16"><span class='ocrx_word' id='word_1_74' title='bbox 257 2644 361 2699; x_wconf 88' lang='lat' dir='ltr'><strong>Sancte</strong></span> <span class='ocrx_word' id='word_1_75' title='bbox 382 2645 508 2715; x_wconf 81' lang='lat' dir='ltr'><strong>llemegi,</strong></span> 
     </span>
    </p>

    <p class='ocr_par' dir='ltr' id='par_1_34' title="bbox 257 2714 526 2786">
     <span class='ocr_line' id='line_1_36' title="bbox 257 2714 526 2786; baseline 0.011 -18"><span class='ocrx_word' id='word_1_76' title='bbox 257 2714 362 2770; x_wconf 87' lang='lat' dir='ltr'><strong>Sancte</strong></span> <span class='ocrx_word' id='word_1_77' title='bbox 381 2716 526 2786; x_wconf 85' lang='lat' dir='ltr'><strong>Medarde,</strong></span> 
     </span>
    </p>

    <p class='ocr_par' dir='ltr' id='par_1_35' title="bbox 258 2787 521 2854">
     <span class='ocr_line' id='line_1_37' title="bbox 258 2787 521 2854; baseline 0.004 -13"><span class='ocrx_word' id='word_1_78' title='bbox 258 2787 361 2841; x_wconf 83' lang='lat' dir='ltr'><strong>Sancte</strong></span> <span class='ocrx_word' id='word_1_79' title='bbox 381 2787 521 2854; x_wconf 81' lang='lat' dir='ltr'><strong>Vaedaste,</strong></span> 
     </span>
    </p>

    <p class='ocr_par' dir='ltr' id='par_1_36' title="bbox 256 2858 532 2928">
     <span class='ocr_line' id='line_1_38' title="bbox 256 2858 532 2928; baseline 0.007 -16"><span class='ocrx_word' id='word_1_80' title='bbox 256 2858 361 2912; x_wconf 83' lang='lat' dir='ltr'><strong>Sancte</strong></span> <span class='ocrx_word' id='word_1_81' title='bbox 381 2859 532 2928; x_wconf 83' lang='lat' dir='ltr'><strong>Germane,</strong></span> 
     </span>
    </p>

    <p class='ocr_par' dir='ltr' id='par_1_37' title="bbox 258 2929 510 2994">
     <span class='ocr_line' id='line_1_39' title="bbox 258 2929 510 2994; baseline 0 -11"><span class='ocrx_word' id='word_1_82' title='bbox 258 2929 360 2983; x_wconf 88' lang='lat' dir='ltr'><strong>Sancte</strong></span> <span class='ocrx_word' id='word_1_83' title='bbox 381 2930 510 2994; x_wconf 86' lang='lat' dir='ltr'><strong>Gaurice,</strong></span> 
     </span>
    </p>

    <p class='ocr_par' dir='ltr' id='par_1_38' title="bbox 256 3000 518 3063">
     <span class='ocr_line' id='line_1_40' title="bbox 256 3000 518 3063; baseline 0 -10"><span class='ocrx_word' id='word_1_84' title='bbox 256 3000 358 3055; x_wconf 81' lang='lat' dir='ltr'><strong>Sancte</strong></span> <span class='ocrx_word' id='word_1_85' title='bbox 378 3001 518 3063; x_wconf 77' lang='lat' dir='ltr'><strong>amande,</strong></span> 
     </span>
    </p>

    <p class='ocr_par' dir='ltr' id='par_1_39' title="bbox 257 3071 459 3143">
     <span class='ocr_line' id='line_1_41' title="bbox 257 3071 459 3143; baseline 0.005 -19"><span class='ocrx_word' id='word_1_86' title='bbox 257 3071 459 3143; x_wconf 48' lang='lat' dir='ltr'><strong>mmmmm,</strong></span> 
     </span>
    </p>

    <p class='ocr_par' dir='ltr' id='par_1_40' title="bbox 257 3140 542 3207">
     <span class='ocr_line' id='line_1_42' title="bbox 257 3140 542 3207; baseline 0.007 -12"><span class='ocrx_word' id='word_1_87' title='bbox 257 3140 360 3196; x_wconf 87' lang='lat' dir='ltr'><strong>Sancte</strong></span> <span class='ocrx_word' id='word_1_88' title='bbox 382 3141 542 3207; x_wconf 74' lang='lat' dir='ltr'><strong>Benedicta,</strong></span> 
     </span>
    </p>

    <p class='ocr_par' dir='ltr' id='par_1_41' title="bbox 258 3212 523 3277">
     <span class='ocr_line' id='line_1_43' title="bbox 258 3212 523 3277; baseline 0 -10"><span class='ocrx_word' id='word_1_89' title='bbox 258 3213 362 3267; x_wconf 88' lang='lat' dir='ltr'><strong>Sancta</strong></span> <span class='ocrx_word' id='word_1_90' title='bbox 383 3212 523 3277; x_wconf 82' lang='lat' dir='ltr'><strong>Felicitas,</strong></span> 
     </span>
    </p>

    <p class='ocr_par' dir='ltr' id='par_1_42' title="bbox 258 3283 531 3354">
     <span class='ocr_line' id='line_1_44' title="bbox 258 3283 531 3354; baseline 0.004 -17"><span class='ocrx_word' id='word_1_91' title='bbox 258 3283 363 3338; x_wconf 90' lang='lat' dir='ltr'><strong>Sancta</strong></span> <span class='ocrx_word' id='word_1_92' title='bbox 382 3283 531 3354; x_wconf 88' lang='lat' dir='ltr'><strong>Perpetua,</strong></span> 
     </span>
    </p>

    <p class='ocr_par' dir='ltr' id='par_1_43' title="bbox 256 3354 502 3425">
     <span class='ocr_line' id='line_1_45' title="bbox 256 3354 502 3425; baseline 0.004 -17"><span class='ocrx_word' id='word_1_93' title='bbox 256 3354 362 3408; x_wconf 88' lang='lat' dir='ltr'><strong>Sancta</strong></span> <span class='ocrx_word' id='word_1_94' title='bbox 381 3355 502 3425; x_wconf 77' lang='lat' dir='ltr'><strong>Agatha,</strong></span> 
     </span>
    </p>

    <p class='ocr_par' dir='ltr' id='par_1_44' title="bbox 256 3425 477 3493">
     <span class='ocr_line' id='line_1_46' title="bbox 256 3425 477 3493; baseline 0.005 -14"><span class='ocrx_word' id='word_1_95' title='bbox 256 3425 362 3480; x_wconf 89' lang='lat' dir='ltr'><strong>Sancta</strong></span> <span class='ocrx_word' id='word_1_96' title='bbox 383 3425 477 3493; x_wconf 89' lang='lat' dir='ltr'><strong>Lucia,</strong></span> 
     </span>
    </p>

    <p class='ocr_par' dir='ltr' id='par_1_45' title="bbox 256 3495 483 3567">
     <span class='ocr_line' id='line_1_47' title="bbox 256 3495 483 3567; baseline 0 -16"><span class='ocrx_word' id='word_1_97' title='bbox 256 3495 362 3551; x_wconf 88' lang='lat' dir='ltr'><strong>Sancta</strong></span> <span class='ocrx_word' id='word_1_98' title='bbox 382 3506 483 3567; x_wconf 78' lang='lat' dir='ltr'><strong>agnes,</strong></span> 
     </span>
    </p>

    <p class='ocr_par' dir='ltr' id='par_1_46' title="bbox 258 3567 495 3632">
     <span class='ocr_line' id='line_1_48' title="bbox 258 3567 495 3632; baseline -0.004 -10"><span class='ocrx_word' id='word_1_99' title='bbox 258 3568 362 3623; x_wconf 89' lang='lat' dir='ltr'><strong>Sancta</strong></span> <span class='ocrx_word' id='word_1_100' title='bbox 381 3567 495 3632; x_wconf 89' lang='lat' dir='ltr'><strong>Cecilia,</strong></span> 
     </span>
    </p>

    <p class='ocr_par' dir='ltr' id='par_1_47' title="bbox 257 3637 545 3702">
     <span class='ocr_line' id='line_1_49' title="bbox 257 3637 545 3702; baseline -0.01 -8"><span class='ocrx_word' id='word_1_101' title='bbox 257 3641 364 3694; x_wconf 92' lang='lat' dir='ltr'><strong>Sancta</strong></span> <span class='ocrx_word' id='word_1_102' title='bbox 384 3637 545 3702; x_wconf 83' lang='lat' dir='ltr'><strong>Anastasia,</strong></span> 
     </span>
    </p>

    <p class='ocr_par' dir='ltr' id='par_1_48' title="bbox 257 3709 522 3774">
     <span class='ocr_line' id='line_1_50' title="bbox 257 3709 522 3774; baseline -0.004 -10"><span class='ocrx_word' id='word_1_103' title='bbox 257 3711 362 3764; x_wconf 88' lang='lat' dir='ltr'><strong>Sancta</strong></span> <span class='ocrx_word' id='word_1_104' title='bbox 381 3709 522 3774; x_wconf 86' lang='lat' dir='ltr'><strong>Eiilamia,</strong></span> 
     </span>
    </p>

    <p class='ocr_par' dir='ltr' id='par_1_49' title="bbox 257 3781 531 3849">
     <span class='ocr_line' id='line_1_51' title="bbox 257 3781 531 3849; baseline -0.004 -14"><span class='ocrx_word' id='word_1_105' title='bbox 257 3781 362 3836; x_wconf 87' lang='lat' dir='ltr'><strong>Sancta</strong></span> <span class='ocrx_word' id='word_1_106' title='bbox 381 3781 531 3849; x_wconf 84' lang='lat' dir='ltr'><strong>Columba,</strong></span> 
     </span>
    </p>

    <p class='ocr_par' dir='ltr' id='par_1_50' title="bbox 256 3851 537 3913">
     <span class='ocr_line' id='line_1_52' title="bbox 256 3851 537 3913; baseline 0.004 -8"><span class='ocrx_word' id='word_1_107' title='bbox 256 3851 363 3906; x_wconf 91' lang='lat' dir='ltr'><strong>Sancta</strong></span> <span class='ocrx_word' id='word_1_108' title='bbox 382 3852 537 3913; x_wconf 80' lang='lat' dir='ltr'><strong>Denolera,</strong></span> 
     </span>
    </p>

    <p class='ocr_par' dir='ltr' id='par_1_51' title="bbox 257 3921 564 3993">
     <span class='ocr_line' id='line_1_53' title="bbox 257 3921 564 3993; baseline -0.007 -16"><span class='ocrx_word' id='word_1_109' title='bbox 257 3923 362 3977; x_wconf 90' lang='lat' dir='ltr'><strong>Sancta</strong></span> <span class='ocrx_word' id='word_1_110' title='bbox 381 3921 564 3993; x_wconf 77' lang='lat' dir='ltr'><strong>aldegundis.</strong></span> 
     </span>
    </p>

    <p class='ocr_par' dir='ltr' id='par_1_52' title="bbox 257 3993 540 4050">
     <span class='ocr_line' id='line_1_54' title="bbox 257 3993 540 4050; baseline -0.007 -1"><span class='ocrx_word' id='word_1_111' title='bbox 257 3995 363 4050; x_wconf 88' lang='lat' dir='ltr'><strong>Sancta</strong></span> <span class='ocrx_word' id='word_1_112' title='bbox 382 3993 540 4048; x_wconf 89' lang='lat' dir='ltr'><strong>Gertrudis.</strong></span> 
     </span>
    </p>

    <p class='ocr_par' dir='ltr' id='par_1_53' title="bbox 256 4062 844 4339">
     <span class='ocr_line' id='line_1_55' title="bbox 256 4062 744 4133; baseline -0.006 -14"><span class='ocrx_word' id='word_1_113' title='bbox 256 4066 363 4119; x_wconf 84' lang='lat' dir='ltr'><strong>Omnes</strong></span> <span class='ocrx_word' id='word_1_114' title='bbox 378 4064 478 4129; x_wconf 91' lang='lat' dir='ltr'><strong>sancti,</strong></span> <span class='ocrx_word' id='word_1_115' title='bbox 494 4066 573 4117; x_wconf 91' lang='lat' dir='ltr'><strong>orate</strong></span> <span class='ocrx_word' id='word_1_116' title='bbox 589 4079 639 4133; x_wconf 91' lang='lat' dir='ltr'><strong>pro</strong></span> <span class='ocrx_word' id='word_1_117' title='bbox 654 4062 744 4116; x_wconf 83' lang='lat' dir='ltr'><strong>nobie.</strong></span> 
     </span>
     <span class='ocr_line' id='line_1_56' title="bbox 256 4132 844 4205; baseline -0.005 -15"><span class='ocrx_word' id='word_1_118' title='bbox 256 4135 400 4205; x_wconf 83' lang='lat' dir='ltr'><strong>Propitius</strong></span> <span class='ocrx_word' id='word_1_119' title='bbox 419 4142 489 4197; x_wconf 84' lang='lat' dir='ltr'><strong>esto,</strong></span> <span class='ocrx_word' id='word_1_120' title='bbox 507 4150 589 4205; x_wconf 89' lang='lat' dir='ltr'><strong>parce</strong></span> <span class='ocrx_word' id='word_1_121' title='bbox 606 4134 698 4202; x_wconf 91' lang='lat' dir='ltr'><strong>nobis,</strong></span> <span class='ocrx_word' id='word_1_122' title='bbox 715 4132 844 4199; x_wconf 84' lang='lat' dir='ltr'><strong>Domine,</strong></span> 
     </span>
     <span class='ocr_line' id='line_1_57' title="bbox 256 4205 822 4277; baseline -0.007 -16"><span class='ocrx_word' id='word_1_123' title='bbox 256 4206 400 4277; x_wconf 77' lang='lat' dir='ltr'><strong>Propitius</strong></span> <span class='ocrx_word' id='word_1_124' title='bbox 420 4213 491 4269; x_wconf 88' lang='lat' dir='ltr'><strong>esto,</strong></span> <span class='ocrx_word' id='word_1_125' title='bbox 510 4205 596 4259; x_wconf 86' lang='lat' dir='ltr'><strong>libera</strong></span> <span class='ocrx_word' id='word_1_126' title='bbox 612 4220 674 4270; x_wconf 90' lang='lat' dir='ltr'><strong>nos,</strong></span> <span class='ocrx_word' id='word_1_127' title='bbox 691 4205 822 4259; x_wconf 92' lang='lat' dir='ltr'><strong>Doiiime.</strong></span> 
     </span>
     <span class='ocr_line' id='line_1_58' title="bbox 256 4275 830 4339; baseline 0 -9"><span class='ocrx_word' id='word_1_128' title='bbox 256 4276 298 4331; x_wconf 78' lang='lat' dir='ltr'><strong>Ab</strong></span> <span class='ocrx_word' id='word_1_129' title='bbox 315 4277 393 4331; x_wconf 87' lang='lat' dir='ltr'><strong>oinni</strong></span> <span class='ocrx_word' id='word_1_130' title='bbox 409 4277 498 4339; x_wconf 90' lang='lat' dir='ltr'><strong>malo,</strong></span> <span class='ocrx_word' id='word_1_131' title='bbox 514 4275 602 4329; x_wconf 86' lang='lat' dir='ltr'><strong>libera</strong></span> <span class='ocrx_word' id='word_1_132' title='bbox 618 4291 680 4339; x_wconf 86' lang='lat' dir='ltr'><strong>nas,</strong></span> <span class='ocrx_word' id='word_1_133' title='bbox 701 4276 830 4331; x_wconf 87' lang='lat' dir='ltr'><strong>Domine.</strong></span> 
     </span>
    </p>
   </div>
   <div class='ocr_carea' id='block_1_3' title="bbox 638 126 1999 266">
    <p class='ocr_par' dir='ltr' id='par_1_54' title="bbox 638 126 1999 266">
     <span class='ocr_line' id='line_1_59' title="bbox 638 126 1999 266; baseline -0.006 -29"><span class='ocrx_word' id='word_1_134' title='bbox 638 156 687 237; x_wconf 87' lang='lat' dir='ltr'><strong>tu</strong></span> <span class='ocrx_word' id='word_1_135' title='bbox 707 174 738 236; x_wconf 88' lang='lat' dir='ltr'><strong>s.</strong></span> <span class='ocrx_word' id='word_1_136' title='bbox 760 170 930 237; x_wconf 85' lang='lat' dir='ltr'><strong>aaauonii</strong></span> <span class='ocrx_word' id='word_1_137' title='bbox 950 170 1086 237; x_wconf 80' lang='lat' dir='ltr'><strong>cianuu</strong></span> <span class='ocrx_word' id='word_1_138' title='bbox 1106 160 1433 245; x_wconf 77' lang='lat' dir='ltr'><strong>simiuanroanu</strong></span> <span class='ocrx_word' id='word_1_139' title='bbox 1452 170 1574 241; x_wconf 78' lang='lat' dir='ltr'><strong>nora.</strong></span> <span class='ocrx_word' id='word_1_140' title='bbox 1784 126 1787 131; x_wconf 48' lang='grc'><em>’</em></span> <span class='ocrx_word' id='word_1_141' title='bbox 1846 196 1930 266; x_wconf 81' lang='lat' dir='ltr'><strong>m</strong></span> <span class='ocrx_word' id='word_1_142' title='bbox 1998 224 1999 229; x_wconf 45' lang='lat'><strong>.</strong></span> 
     </span>
    </p>
   </div>
   <div class='ocr_carea' id='block_1_4' title="bbox 927 306 1999 1375">
    <p class='ocr_par' dir='ltr' id='par_1_55' title="bbox 927 306 1999 1375">
     <span class='ocr_line' id='line_1_60' title="bbox 1020 306 1934 389; baseline 0.027 -29"><span class='ocrx_word' id='word_1_143' title='bbox 1020 321 1081 361; x_wconf 90' lang='lat' dir='ltr'><strong>ora.</strong></span> <span class='ocrx_word' id='word_1_144' title='bbox 1098 310 1122 371; x_wconf 68' lang='lat' dir='ltr'><strong>A</strong></span> <span class='ocrx_word' id='word_1_145' title='bbox 1179 307 1215 361; x_wconf 92' lang='lat' dir='ltr'><strong>Ut</strong></span> <span class='ocrx_word' id='word_1_146' title='bbox 1227 306 1459 365; x_wconf 81' lang='lat' dir='ltr'><strong>intercessionem</strong></span> <span class='ocrx_word' id='word_1_147' title='bbox 1470 315 1634 366; x_wconf 88' lang='lat' dir='ltr'><strong>sanctorum</strong></span> <span class='ocrx_word' id='word_1_148' title='bbox 1645 315 1834 378; x_wconf 89' lang='lat' dir='ltr'><strong>tuornmnobis</strong></span> <span class='ocrx_word' id='word_1_149' title='bbox 1844 327 1934 389; x_wconf 82' lang='lat' dir='ltr'><strong>denaia</strong></span> 
     </span>
     <span class='ocr_line' id='line_1_61' title="bbox 927 376 1697 453; baseline 0.013 -24"><span class='ocrx_word' id='word_1_150' title='bbox 927 394 933 406; x_wconf 83' lang='lat'><strong>·</strong></span> <span class='ocrx_word' id='word_1_151' title='bbox 1021 394 1082 432; x_wconf 84' lang='lat' dir='ltr'><strong>ora.</strong></span> <span class='ocrx_word' id='word_1_152' title='bbox 1141 376 1277 448; x_wconf 60' lang='lat' dir='ltr'><strong>digneris,</strong></span> <span class='ocrx_word' id='word_1_153' title='bbox 1292 380 1412 435; x_wconf 84' lang='lat' dir='ltr'><strong>Domine</strong></span> <span class='ocrx_word' id='word_1_154' title='bbox 1425 383 1502 448; x_wconf 84' lang='lat' dir='ltr'><strong>lesu,</strong></span> <span class='ocrx_word' id='word_1_155' title='bbox 1513 386 1541 436; x_wconf 89' lang='lat' dir='ltr'><strong>te</strong></span> <span class='ocrx_word' id='word_1_156' title='bbox 1554 398 1697 453; x_wconf 82' lang='lat' dir='ltr'><strong>roganius.</strong></span> 
     </span>
     <span class='ocr_line' id='line_1_62' title="bbox 1021 449 1933 533; baseline 0.016 -31"><span class='ocrx_word' id='word_1_157' title='bbox 1021 463 1083 505; x_wconf 90' lang='lat' dir='ltr'><strong>ora.</strong></span> <span class='ocrx_word' id='word_1_158' title='bbox 1178 450 1212 504; x_wconf 90' lang='lat' dir='ltr'><strong>Ut</strong></span> <span class='ocrx_word' id='word_1_159' title='bbox 1226 449 1311 504; x_wconf 83' lang='lat' dir='ltr'><strong>tidem</strong></span> <span class='ocrx_word' id='word_1_160' title='bbox 1327 458 1435 507; x_wconf 88' lang='lat' dir='ltr'><strong>rectam</strong></span> <span class='ocrx_word' id='word_1_161' title='bbox 1449 453 1530 508; x_wconf 91' lang='lat' dir='ltr'><strong>uobis</strong></span> <span class='ocrx_word' id='word_1_162' title='bbox 1549 454 1655 510; x_wconf 88' lang='lat' dir='ltr'><strong>donare</strong></span> <span class='ocrx_word' id='word_1_163' title='bbox 1681 457 1809 533; x_wconf 86' lang='lat' dir='ltr'><strong>digneris,</strong></span> <span class='ocrx_word' id='word_1_164' title='bbox 1833 468 1933 531; x_wconf 65' lang='lat' dir='ltr'><strong>Domine</strong></span> 
     </span>
     <span class='ocr_line' id='line_1_63' title="bbox 1021 520 1419 592; baseline 0.01 -19"><span class='ocrx_word' id='word_1_165' title='bbox 1021 535 1083 574; x_wconf 91' lang='lat' dir='ltr'><strong>ora.</strong></span> <span class='ocrx_word' id='word_1_166' title='bbox 1139 520 1419 592; x_wconf 76' lang='lat' dir='ltr'><strong>lesaterogamus.</strong></span> 
     </span>
     <span class='ocr_line' id='line_1_64' title="bbox 1022 592 1935 669; baseline 0.027 -25"><span class='ocrx_word' id='word_1_167' title='bbox 1022 606 1083 644; x_wconf 87' lang='lat' dir='ltr'><strong>ora.</strong></span> <span class='ocrx_word' id='word_1_168' title='bbox 1178 592 1212 647; x_wconf 90' lang='lat' dir='ltr'><strong>Ut</strong></span> <span class='ocrx_word' id='word_1_169' title='bbox 1228 608 1307 662; x_wconf 88' lang='lat' dir='ltr'><strong>spem</strong></span> <span class='ocrx_word' id='word_1_170' title='bbox 1323 594 1437 649; x_wconf 89' lang='lat' dir='ltr'><strong>llriuam</strong></span> <span class='ocrx_word' id='word_1_171' title='bbox 1453 594 1481 649; x_wconf 91' lang='lat' dir='ltr'><strong>iii</strong></span> <span class='ocrx_word' id='word_1_172' title='bbox 1493 598 1543 649; x_wconf 90' lang='lat' dir='ltr'><strong>tua</strong></span> <span class='ocrx_word' id='word_1_173' title='bbox 1559 594 1685 652; x_wconf 86' lang='lat' dir='ltr'><strong>bonitate</strong></span> <span class='ocrx_word' id='word_1_174' title='bbox 1705 600 1783 657; x_wconf 88' lang='lat' dir='ltr'><strong>nobis</strong></span> <span class='ocrx_word' id='word_1_175' title='bbox 1797 602 1892 667; x_wconf 89' lang='lat' dir='ltr'><strong>donare</strong></span> <span class='ocrx_word' id='word_1_176' title='bbox 1902 614 1935 669; x_wconf 92' lang='lat' dir='ltr'><strong>di·</strong></span> 
     </span>
     <span class='ocr_line' id='line_1_65' title="bbox 1139 661 1668 737; baseline 0.011 -22"><span class='ocrx_word' id='word_1_177' title='bbox 1139 661 1245 733; x_wconf 89' lang='lat' dir='ltr'><strong>gncris.</strong></span> <span class='ocrx_word' id='word_1_178' title='bbox 1260 666 1377 720; x_wconf 86' lang='lat' dir='ltr'><strong>Domine</strong></span> <span class='ocrx_word' id='word_1_179' title='bbox 1390 666 1466 731; x_wconf 84' lang='lat' dir='ltr'><strong>lesu,</strong></span> <span class='ocrx_word' id='word_1_180' title='bbox 1481 670 1508 721; x_wconf 85' lang='lat' dir='ltr'><strong>te</strong></span> <span class='ocrx_word' id='word_1_181' title='bbox 1524 683 1668 737; x_wconf 86' lang='lat' dir='ltr'><strong>rogamus.</strong></span> 
     </span>
     <span class='ocr_line' id='line_1_66' title="bbox 1177 734 1937 813; baseline 0.022 -24"><span class='ocrx_word' id='word_1_182' title='bbox 1177 734 1211 789; x_wconf 91' lang='lat' dir='ltr'><strong>Ut</strong></span> <span class='ocrx_word' id='word_1_183' title='bbox 1225 734 1312 789; x_wconf 86' lang='lat' dir='ltr'><strong>vitain</strong></span> <span class='ocrx_word' id='word_1_184' title='bbox 1327 741 1467 791; x_wconf 76' lang='lat' dir='ltr'><strong>aternam</strong></span> <span class='ocrx_word' id='word_1_185' title='bbox 1478 736 1559 793; x_wconf 88' lang='lat' dir='ltr'><strong>nobis</strong></span> <span class='ocrx_word' id='word_1_186' title='bbox 1574 738 1682 794; x_wconf 88' lang='lat' dir='ltr'><strong>donare</strong></span> <span class='ocrx_word' id='word_1_187' title='bbox 1697 740 1937 813; x_wconf 81' lang='lat' dir='ltr'><strong>digneris,Domiue</strong></span> 
     </span>
     <span class='ocr_line' id='line_1_67' title="bbox 1138 803 1415 876; baseline 0.022 -20"><span class='ocrx_word' id='word_1_188' title='bbox 1138 803 1215 869; x_wconf 81' lang='lat' dir='ltr'><strong>lesu,</strong></span> <span class='ocrx_word' id='word_1_189' title='bbox 1228 808 1255 860; x_wconf 89' lang='lat' dir='ltr'><strong>te</strong></span> <span class='ocrx_word' id='word_1_190' title='bbox 1271 822 1415 876; x_wconf 79' lang='lat' dir='ltr'><strong>rogamus.</strong></span> 
     </span>
     <span class='ocr_line' id='line_1_68' title="bbox 1171 876 1938 958; baseline 0.021 -27"><span class='ocrx_word' id='word_1_191' title='bbox 1171 877 1209 956; x_wconf 79' lang='lat' dir='ltr'><strong>tii</strong></span> <span class='ocrx_word' id='word_1_192' title='bbox 1223 876 1320 932; x_wconf 90' lang='lat' dir='ltr'><strong>lumen</strong></span> <span class='ocrx_word' id='word_1_193' title='bbox 1337 882 1505 949; x_wconf 86' lang='lat' dir='ltr'><strong>perpetuum</strong></span> <span class='ocrx_word' id='word_1_194' title='bbox 1524 879 1606 934; x_wconf 89' lang='lat' dir='ltr'><strong>nobis</strong></span> <span class='ocrx_word' id='word_1_195' title='bbox 1633 881 1740 939; x_wconf 91' lang='lat' dir='ltr'><strong>donare</strong></span> <span class='ocrx_word' id='word_1_196' title='bbox 1754 885 1876 958; x_wconf 88' lang='lat' dir='ltr'><strong>digneris,</strong></span> <span class='ocrx_word' id='word_1_197' title='bbox 1891 895 1938 950; x_wconf 92' lang='lat' dir='ltr'><strong>Do-</strong></span> 
     </span>
     <span class='ocr_line' id='line_1_69' title="bbox 1137 948 1513 1019; baseline 0.011 -20"><span class='ocrx_word' id='word_1_198' title='bbox 1137 961 1216 1002; x_wconf 90' lang='lat' dir='ltr'><strong>mine</strong></span> <span class='ocrx_word' id='word_1_199' title='bbox 1228 948 1305 1011; x_wconf 88' lang='lat' dir='ltr'><strong>lesu,</strong></span> <span class='ocrx_word' id='word_1_200' title='bbox 1326 954 1353 1003; x_wconf 88' lang='lat' dir='ltr'><strong>te</strong></span> <span class='ocrx_word' id='word_1_201' title='bbox 1368 963 1513 1019; x_wconf 89' lang='lat' dir='ltr'><strong>rogamus.</strong></span> 
     </span>
     <span class='ocr_line' id='line_1_70' title="bbox 1175 1018 1937 1101; baseline 0.021 -28"><span class='ocrx_word' id='word_1_202' title='bbox 1175 1018 1211 1073; x_wconf 90' lang='lat' dir='ltr'><strong>Ut</strong></span> <span class='ocrx_word' id='word_1_203' title='bbox 1225 1019 1307 1073; x_wconf 88' lang='lat' dir='ltr'><strong>nobis</strong></span> <span class='ocrx_word' id='word_1_204' title='bbox 1322 1019 1437 1075; x_wconf 85' lang='lat' dir='ltr'><strong>laudern</strong></span> <span class='ocrx_word' id='word_1_205' title='bbox 1452 1024 1619 1075; x_wconf 87' lang='lat' dir='ltr'><strong>sanctorum</strong></span> <span class='ocrx_word' id='word_1_206' title='bbox 1642 1023 1751 1079; x_wconf 89' lang='lat' dir='ltr'><strong>nomini</strong></span> <span class='ocrx_word' id='word_1_207' title='bbox 1778 1029 1824 1083; x_wconf 91' lang='lat' dir='ltr'><strong>tuo</strong></span> <span class='ocrx_word' id='word_1_208' title='bbox 1836 1031 1937 1101; x_wconf 85' lang='lat' dir='ltr'><strong>douaie,</strong></span> 
     </span>
     <span class='ocr_line' id='line_1_71' title="bbox 1138 1087 1732 1161; baseline 0.008 -18"><span class='ocrx_word' id='word_1_209' title='bbox 1138 1087 1191 1146; x_wconf 81' lang='lat' dir='ltr'><strong>Fili</strong></span> <span class='ocrx_word' id='word_1_210' title='bbox 1205 1089 1263 1156; x_wconf 88' lang='lat' dir='ltr'><strong>Dei,</strong></span> <span class='ocrx_word' id='word_1_211' title='bbox 1278 1094 1305 1143; x_wconf 92' lang='lat' dir='ltr'><strong>te</strong></span> <span class='ocrx_word' id='word_1_212' title='bbox 1322 1107 1467 1161; x_wconf 90' lang='lat' dir='ltr'><strong>rogamus,</strong></span> <span class='ocrx_word' id='word_1_213' title='bbox 1479 1091 1544 1146; x_wconf 89' lang='lat' dir='ltr'><strong>audi</strong></span> <span class='ocrx_word' id='word_1_214' title='bbox 1559 1108 1621 1146; x_wconf 86' lang='lat' dir='ltr'><strong>nos.</strong></span> <span class='ocrx_word' id='word_1_215' title='bbox 1729 1096 1732 1100; x_wconf 67' lang='lat'><em>&#39;</em></span> 
     </span>
     <span class='ocr_line' id='line_1_72' title="bbox 1173 1161 1939 1232; baseline 0.021 -19"><span class='ocrx_word' id='word_1_216' title='bbox 1173 1162 1270 1230; x_wconf 78' lang='lat' dir='ltr'><strong>Agnus</strong></span> <span class='ocrx_word' id='word_1_217' title='bbox 1291 1161 1350 1223; x_wconf 87' lang='lat' dir='ltr'><strong>Dei,</strong></span> <span class='ocrx_word' id='word_1_218' title='bbox 1373 1162 1420 1232; x_wconf 89' lang='lat' dir='ltr'><strong>qui</strong></span> <span class='ocrx_word' id='word_1_219' title='bbox 1436 1161 1511 1217; x_wconf 91' lang='lat' dir='ltr'><strong>tollis</strong></span> <span class='ocrx_word' id='word_1_220' title='bbox 1557 1167 1653 1218; x_wconf 87' lang='lat' dir='ltr'><strong>cecata</strong></span> <span class='ocrx_word' id='word_1_221' title='bbox 1680 1167 1788 1231; x_wconf 89' lang='lat' dir='ltr'><strong>mundi,</strong></span> <span class='ocrx_word' id='word_1_222' title='bbox 1814 1171 1939 1231; x_wconf 88' lang='lat' dir='ltr'><strong>miserere.</strong></span> 
     </span>
     <span class='ocr_line' id='line_1_73' title="bbox 1138 1230 1940 1304; baseline 0.016 -17"><span class='ocrx_word' id='word_1_223' title='bbox 1138 1230 1259 1295; x_wconf 83' lang='lat' dir='ltr'><strong>Christe,</strong></span> <span class='ocrx_word' id='word_1_224' title='bbox 1276 1233 1401 1288; x_wconf 90' lang='lat' dir='ltr'><strong>audinos</strong></span> <span class='ocrx_word' id='word_1_225' title='bbox 1415 1233 1515 1288; x_wconf 83' lang='lat' dir='ltr'><strong>tridua.</strong></span> <span class='ocrx_word' id='word_1_226' title='bbox 1548 1234 1940 1304; x_wconf 78' lang='lat' dir='ltr'><strong>yrieeleison.tia&#39;husChriste</strong></span> 
     </span>
     <span class='ocr_line' id='line_1_74' title="bbox 1137 1302 1999 1375; baseline 0.016 -18"><span class='ocrx_word' id='word_1_227' title='bbox 1137 1302 1254 1357; x_wconf 89' lang='lat' dir='ltr'><strong>eleison.</strong></span> <span class='ocrx_word' id='word_1_228' title='bbox 1267 1303 1370 1359; x_wconf 74' lang='lat' dir='ltr'><strong>tribus.</strong></span> <span class='ocrx_word' id='word_1_229' title='bbox 1389 1303 1473 1375; x_wconf 82' lang='lat' dir='ltr'><strong>Kyrie</strong></span> <span class='ocrx_word' id='word_1_230' title='bbox 1487 1304 1604 1360; x_wconf 86' lang='lat' dir='ltr'><strong>eleison.</strong></span> <span class='ocrx_word' id='word_1_231' title='bbox 1630 1305 1736 1362; x_wconf 69' lang='lat' dir='ltr'><strong>tribus.</strong></span> <span class='ocrx_word' id='word_1_232' title='bbox 1759 1311 1941 1370; x_wconf 75' lang='lat' dir='ltr'><strong>paternoster.</strong></span> <span class='ocrx_word' id='word_1_233' title='bbox 1994 1306 1999 1347; x_wconf 61' lang='lat'><strong><em>³</em></strong></span> 
     </span>
    </p>
   </div>
   <div class='ocr_carea' id='block_1_5' title="bbox 1375 1408 1724 1480">
    <p class='ocr_par' dir='ltr' id='par_1_56' title="bbox 1375 1408 1724 1480">
     <span class='ocr_line' id='line_1_75' title="bbox 1375 1408 1724 1480; baseline 0.009 -14"><span class='ocrx_word' id='word_1_234' title='bbox 1375 1408 1474 1466; x_wconf 78' lang='lat' dir='ltr'><strong>tii-aiio</strong></span> <span class='ocrx_word' id='word_1_235' title='bbox 1488 1417 1553 1480; x_wconf 83' lang='lat' dir='ltr'><strong>post</strong></span> <span class='ocrx_word' id='word_1_236' title='bbox 1574 1412 1724 1469; x_wconf 78' lang='lat' dir='ltr'><strong>litaniam.</strong></span> 
     </span>
    </p>
   </div>
   <div class='ocr_carea' id='block_1_6' title="bbox 1019 1503 1999 1994">
    <p class='ocr_par' dir='ltr' id='par_1_57' title="bbox 1019 1503 1946 1932">
     <span class='ocr_line' id='line_1_76' title="bbox 1019 1503 1945 1577; baseline 0.016 -21"><span class='ocrx_word' id='word_1_237' title='bbox 1019 1527 1080 1567; x_wconf 80' lang='lat' dir='ltr'><strong>ora.</strong></span> <span class='ocrx_word' id='word_1_238' title='bbox 1173 1503 1247 1559; x_wconf 90' lang='lat' dir='ltr'><strong>Deus</strong></span> <span class='ocrx_word' id='word_1_239' title='bbox 1262 1507 1429 1572; x_wconf 83' lang='lat' dir='ltr'><strong>exercitum,</strong></span> <span class='ocrx_word' id='word_1_240' title='bbox 1446 1505 1685 1572; x_wconf 79' lang='lat' dir='ltr'><strong>Deusilbraham,</strong></span> <span class='ocrx_word' id='word_1_241' title='bbox 1703 1509 1774 1564; x_wconf 84' lang='lat' dir='ltr'><strong>Deus</strong></span> <span class='ocrx_word' id='word_1_242' title='bbox 1789 1510 1945 1577; x_wconf 68' lang='lat' dir='ltr'><strong>[sacellam</strong></span> 
     </span>
     <span class='ocr_line' id='line_1_77' title="bbox 1019 1576 1945 1649; baseline 0.015 -21"><span class='ocrx_word' id='word_1_243' title='bbox 1019 1598 1080 1638; x_wconf 69' lang='lat' dir='ltr'><strong>ora,</strong></span> <span class='ocrx_word' id='word_1_244' title='bbox 1136 1576 1232 1640; x_wconf 82' lang='lat' dir='ltr'><strong>Jacob,</strong></span> <span class='ocrx_word' id='word_1_245' title='bbox 1251 1580 1323 1631; x_wconf 89' lang='lat' dir='ltr'><strong>Deus</strong></span> <span class='ocrx_word' id='word_1_246' title='bbox 1339 1576 1945 1649; x_wconf 86' lang='lat' dir='ltr'><strong>patriarcharum,Deusproplietai·um,Oeus</strong></span> 
     </span>
     <span class='ocr_line' id='line_1_78' title="bbox 1019 1647 1944 1726; baseline 0.014 -28"><span class='ocrx_word' id='word_1_247' title='bbox 1019 1668 1119 1726; x_wconf 52' lang='lat' dir='ltr'><strong>orep</strong></span> <span class='ocrx_word' id='word_1_248' title='bbox 1138 1647 1345 1716; x_wconf 88' lang='lat' dir='ltr'><strong>apostolorum,</strong></span> <span class='ocrx_word' id='word_1_249' title='bbox 1367 1648 1439 1701; x_wconf 81' lang='lat' dir='ltr'><strong>Deus</strong></span> <span class='ocrx_word' id='word_1_250' title='bbox 1462 1652 1634 1718; x_wconf 82' lang='lat' dir='ltr'><strong>martyrum,</strong></span> <span class='ocrx_word' id='word_1_251' title='bbox 1666 1654 1740 1704; x_wconf 87' lang='lat' dir='ltr'><strong>Deus</strong></span> <span class='ocrx_word' id='word_1_252' title='bbox 1756 1652 1944 1721; x_wconf 82' lang='lat' dir='ltr'><strong>consessurum,</strong></span> 
     </span>
     <span class='ocr_line' id='line_1_79' title="bbox 1020 1717 1946 1795; baseline 0.013 -26"><span class='ocrx_word' id='word_1_253' title='bbox 1020 1740 1081 1781; x_wconf 71' lang='lat' dir='ltr'><strong>ora,</strong></span> <span class='ocrx_word' id='word_1_254' title='bbox 1136 1717 1211 1773; x_wconf 90' lang='lat' dir='ltr'><strong>Deus</strong></span> <span class='ocrx_word' id='word_1_255' title='bbox 1228 1717 1380 1789; x_wconf 81' lang='lat' dir='ltr'><strong>virgiuum,</strong></span> <span class='ocrx_word' id='word_1_256' title='bbox 1403 1720 1476 1773; x_wconf 90' lang='lat' dir='ltr'><strong>Deus</strong></span> <span class='ocrx_word' id='word_1_257' title='bbox 1489 1718 1619 1773; x_wconf 89' lang='lat' dir='ltr'><strong>omnium</strong></span> <span class='ocrx_word' id='word_1_258' title='bbox 1634 1724 1946 1795; x_wconf 83' lang='lat' dir='ltr'><strong>sanctorum,quem&#39;tii·</strong></span> 
     </span>
     <span class='ocr_line' id='line_1_80' title="bbox 1138 1788 1946 1864; baseline 0.012 -21"><span class='ocrx_word' id='word_1_259' title='bbox 1138 1804 1208 1843; x_wconf 88' lang='lat' dir='ltr'><strong>nuni</strong></span> <span class='ocrx_word' id='word_1_260' title='bbox 1225 1789 1253 1843; x_wconf 88' lang='lat' dir='ltr'><strong>in</strong></span> <span class='ocrx_word' id='word_1_261' title='bbox 1271 1788 1408 1860; x_wconf 89' lang='lat' dir='ltr'><strong>personis,</strong></span> <span class='ocrx_word' id='word_1_262' title='bbox 1424 1806 1513 1843; x_wconf 92' lang='lat' dir='ltr'><strong>unum</strong></span> <span class='ocrx_word' id='word_1_263' title='bbox 1530 1789 1557 1843; x_wconf 92' lang='lat' dir='ltr'><strong>in</strong></span> <span class='ocrx_word' id='word_1_264' title='bbox 1569 1790 1946 1864; x_wconf 87' lang='lat' dir='ltr'><strong>substantiaconlitemur,er</strong></span> 
     </span>
     <span class='ocr_line' id='line_1_81' title="bbox 1138 1859 1902 1932; baseline 0.009 -19"><span class='ocrx_word' id='word_1_265' title='bbox 1138 1860 1316 1931; x_wconf 88' lang='lat' dir='ltr'><strong>quaomnia,</strong></span> <span class='ocrx_word' id='word_1_266' title='bbox 1329 1876 1378 1930; x_wconf 89' lang='lat' dir='ltr'><strong>per</strong></span> <span class='ocrx_word' id='word_1_267' title='bbox 1391 1877 1477 1931; x_wconf 89' lang='lat' dir='ltr'><strong>quem</strong></span> <span class='ocrx_word' id='word_1_268' title='bbox 1488 1861 1597 1924; x_wconf 91' lang='lat' dir='ltr'><strong>oinnia,</strong></span> <span class='ocrx_word' id='word_1_269' title='bbox 1611 1859 1638 1915; x_wconf 91' lang='lat' dir='ltr'><strong>iu</strong></span> <span class='ocrx_word' id='word_1_270' title='bbox 1655 1879 1713 1932; x_wconf 86' lang='lat' dir='ltr'><strong>quo</strong></span> <span class='ocrx_word' id='word_1_271' title='bbox 1734 1865 1840 1929; x_wconf 88' lang='lat' dir='ltr'><strong>omnia,</strong></span> <span class='ocrx_word' id='word_1_272' title='bbox 1853 1871 1902 1922; x_wconf 86' lang='lat' dir='ltr'><strong>etc.</strong></span> 
     </span>
    </p>

    <p class='ocr_par' dir='ltr' id='par_1_58' title="bbox 1175 1931 1999 1994">
     <span class='ocr_line' id='line_1_82' title="bbox 1175 1931 1999 1994; baseline 0.012 -9"><span class='ocrx_word' id='word_1_273' title='bbox 1175 1931 1256 1985; x_wconf 88' lang='lat' dir='ltr'><strong>Circa</strong></span> <span class='ocrx_word' id='word_1_274' title='bbox 1267 1931 1341 1985; x_wconf 91' lang='lat' dir='ltr'><strong>hanc</strong></span> <span class='ocrx_word' id='word_1_275' title='bbox 1357 1932 1487 1985; x_wconf 88' lang='lat' dir='ltr'><strong>litaniam</strong></span> <span class='ocrx_word' id='word_1_276' title='bbox 1503 1932 1714 1987; x_wconf 90' lang='lat' dir='ltr'><strong>observandum</strong></span> <span class='ocrx_word' id='word_1_277' title='bbox 1728 1940 1770 1989; x_wconf 90' lang='lat' dir='ltr'><strong>est</strong></span> <span class='ocrx_word' id='word_1_278' title='bbox 1785 1937 1820 1991; x_wconf 90' lang='lat' dir='ltr'><strong>ad</strong></span> <span class='ocrx_word' id='word_1_279' title='bbox 1833 1939 1948 1994; x_wconf 65' lang='lat' dir='ltr'><strong>raiatia</strong></span> <span class='ocrx_word' id='word_1_280' title='bbox 1998 1942 1999 1955; x_wconf 62' lang='lat'>¹</span> 
     </span>
    </p>
   </div>
   <div class='ocr_carea' id='block_1_7' title="bbox 1020 677 1082 1496">
    <p class='ocr_par' dir='ltr' id='par_1_59' title="bbox 1020 677 1082 1496">
     <span class='ocr_line' id='line_1_83' title="bbox 1022 677 1082 715; baseline 0 0"><span class='ocrx_word' id='word_1_281' title='bbox 1022 677 1082 715; x_wconf 85' lang='lat' dir='ltr'><strong>ora.</strong></span> 
     </span>
     <span class='ocr_line' id='line_1_84' title="bbox 1021 747 1081 786; baseline -0.017 0"><span class='ocrx_word' id='word_1_282' title='bbox 1021 747 1081 786; x_wconf 75' lang='lat' dir='ltr'><strong>ola.</strong></span> 
     </span>
     <span class='ocr_line' id='line_1_85' title="bbox 1022 818 1081 857; baseline 0 0"><span class='ocrx_word' id='word_1_283' title='bbox 1022 818 1081 857; x_wconf 70' lang='lat' dir='ltr'><strong>Ol&#39;a.</strong></span> 
     </span>
     <span class='ocr_line' id='line_1_86' title="bbox 1022 888 1081 928; baseline 0.017 -1"><span class='ocrx_word' id='word_1_284' title='bbox 1022 888 1081 928; x_wconf 80' lang='lat' dir='ltr'><strong>ora.</strong></span> 
     </span>
     <span class='ocr_line' id='line_1_87' title="bbox 1021 960 1082 999; baseline -0.016 -1"><span class='ocrx_word' id='word_1_285' title='bbox 1021 960 1082 999; x_wconf 67' lang='grc' dir='ltr'><strong>ΟΜ.</strong></span> 
     </span>
     <span class='ocr_line' id='line_1_88' title="bbox 1021 1031 1081 1070; baseline 0 -1"><span class='ocrx_word' id='word_1_286' title='bbox 1021 1031 1081 1070; x_wconf 88' lang='lat' dir='ltr'><strong>ora.</strong></span> 
     </span>
     <span class='ocr_line' id='line_1_89' title="bbox 1020 1102 1081 1141; baseline 0.033 -2"><span class='ocrx_word' id='word_1_287' title='bbox 1020 1102 1081 1141; x_wconf 79' lang='lat' dir='ltr'><strong>ora.</strong></span> 
     </span>
     <span class='ocr_line' id='line_1_90' title="bbox 1020 1173 1081 1212; baseline 0.033 -2"><span class='ocrx_word' id='word_1_288' title='bbox 1020 1173 1081 1212; x_wconf 83' lang='lat' dir='ltr'><strong>ora.</strong></span> 
     </span>
     <span class='ocr_line' id='line_1_91' title="bbox 1020 1243 1080 1285; baseline 0.067 -4"><span class='ocrx_word' id='word_1_289' title='bbox 1020 1243 1080 1285; x_wconf 73' lang='lat' dir='ltr'><strong>Ol&#39;fl.</strong></span> 
     </span>
     <span class='ocr_line' id='line_1_92' title="bbox 1020 1314 1080 1354; baseline 0.033 -2"><span class='ocrx_word' id='word_1_290' title='bbox 1020 1314 1080 1354; x_wconf 70' lang='lat' dir='ltr'><strong>Ol&#39;a.</strong></span> 
     </span>
     <span class='ocr_line' id='line_1_93' title="bbox 1020 1386 1081 1427; baseline 0.066 -4"><span class='ocrx_word' id='word_1_291' title='bbox 1020 1386 1081 1427; x_wconf 73' lang='lat'><strong>01¹8.</strong></span> 
     </span>
     <span class='ocr_line' id='line_1_94' title="bbox 1020 1457 1080 1496; baseline 0.017 -1"><span class='ocrx_word' id='word_1_292' title='bbox 1020 1457 1080 1496; x_wconf 70' lang='grc' dir='ltr'><strong>ΟΜ.</strong></span> 
     </span>
    </p>
   </div>
   <div class='ocr_carea' id='block_1_8' title="bbox 1021 1812 1082 1922">
    <p class='ocr_par' dir='ltr' id='par_1_60' title="bbox 1021 1812 1082 1922">
     <span class='ocr_line' id='line_1_95' title="bbox 1021 1812 1081 1851; baseline 0.033 -2"><span class='ocrx_word' id='word_1_293' title='bbox 1021 1812 1081 1851; x_wconf 73' lang='lat' dir='ltr'><strong>Ol&#39;R.</strong></span> 
     </span>
     <span class='ocr_line' id='line_1_96' title="bbox 1022 1882 1082 1922; baseline 0.017 -1"><span class='ocrx_word' id='word_1_294' title='bbox 1022 1882 1082 1922; x_wconf 69' lang='lat'><strong>01&#39;8.</strong></span> 
     </span>
    </p>
   </div>
   <div class='ocr_carea' id='block_1_9' title="bbox 1021 1954 1999 2088">
    <p class='ocr_par' dir='ltr' id='par_1_61' title="bbox 1021 1954 1999 2088">
     <span class='ocr_line' id='line_1_97' title="bbox 1021 1954 1082 1995; baseline 0.082 -5"><span class='ocrx_word' id='word_1_295' title='bbox 1021 1954 1054 1991; x_wconf 93' lang='lat' dir='ltr'><strong>or</strong></span> <span class='ocrx_word' id='word_1_296' title='bbox 1076 1982 1082 1995; x_wconf 89' lang='lat'><strong>.</strong></span> 
     </span>
     <span class='ocr_line' id='line_1_98' title="bbox 1021 1954 1999 2088; baseline 0.009 -33"><span class='ocrx_word' id='word_1_297' title='bbox 1021 1954 1082 2064; x_wconf 54' lang='lat' dir='ltr'><strong>mg,</strong></span> <span class='ocrx_word' id='word_1_298' title='bbox 1138 2002 1367 2057; x_wconf 89' lang='lat' dir='ltr'><strong>subaudiendum</strong></span> <span class='ocrx_word' id='word_1_299' title='bbox 1380 2018 1441 2057; x_wconf 79' lang='lat' dir='ltr'><strong>esse</strong></span> <span class='ocrx_word' id='word_1_300' title='bbox 1456 2006 1485 2054; x_wconf 83' lang='grc' dir='ltr'><strong>τὸ</strong></span> <span class='ocrx_word' id='word_1_301' title='bbox 1502 2003 1623 2071; x_wconf 76' lang='lat' dir='ltr'><strong>uicibus,</strong></span> <span class='ocrx_word' id='word_1_302' title='bbox 1634 2008 1664 2058; x_wconf 90' lang='lat' dir='ltr'><strong>et</strong></span> <span class='ocrx_word' id='word_1_303' title='bbox 1674 2004 1749 2058; x_wconf 72' lang='lat' dir='ltr'><strong>adra</strong></span> <span class='ocrx_word' id='word_1_304' title='bbox 1761 2007 1947 2088; x_wconf 82' lang='lat' dir='ltr'><strong>misereresup</strong></span> <span class='ocrx_word' id='word_1_305' title='bbox 1998 2044 1999 2053; x_wconf 71' lang='lat'><strong>.</strong></span> 
     </span>
    </p>
   </div>
   <div class='ocr_carea' id='block_1_10' title="bbox 1017 2072 1999 4345">
    <p class='ocr_par' dir='ltr' id='par_1_62' title="bbox 1020 2072 1948 2155">
     <span class='ocr_line' id='line_1_99' title="bbox 1020 2072 1948 2155; baseline 0.009 -30"><span class='ocrx_word' id='word_1_306' title='bbox 1020 2096 1081 2136; x_wconf 56' lang='lat' dir='ltr'><strong>ora.</strong></span> <span class='ocrx_word' id='word_1_307' title='bbox 1138 2072 1274 2155; x_wconf 86' lang='lat' dir='ltr'><strong>piendum</strong></span> <span class='ocrx_word' id='word_1_308' title='bbox 1291 2088 1362 2138; x_wconf 90' lang='lat' dir='ltr'><strong>esse,</strong></span> <span class='ocrx_word' id='word_1_309' title='bbox 1377 2078 1405 2125; x_wconf 83' lang='grc' dir='ltr'><strong>τὸ</strong></span> <span class='ocrx_word' id='word_1_310' title='bbox 1422 2073 1515 2137; x_wconf 76' lang='lat' dir='ltr'><strong>nubis,</strong></span> <span class='ocrx_word' id='word_1_311' title='bbox 1525 2078 1552 2129; x_wconf 91' lang='lat' dir='ltr'><strong>et</strong></span> <span class='ocrx_word' id='word_1_312' title='bbox 1568 2076 1603 2129; x_wconf 92' lang='lat' dir='ltr'><strong>ad</strong></span> <span class='ocrx_word' id='word_1_313' title='bbox 1618 2078 1647 2126; x_wconf 81' lang='grc' dir='ltr'><strong>τὸ</strong></span> <span class='ocrx_word' id='word_1_314' title='bbox 1657 2091 1711 2130; x_wconf 86' lang='lat' dir='ltr'><strong>orn</strong></span> <span class='ocrx_word' id='word_1_315' title='bbox 1726 2080 1817 2143; x_wconf 71' lang='lat' dir='ltr'><strong>:ipro</strong></span> <span class='ocrx_word' id='word_1_316' title='bbox 1832 2078 1948 2143; x_wconf 76' lang='lat' dir='ltr'><strong>nolu3et</strong></span> 
     </span>
    </p>

    <p class='ocr_par' dir='ltr' id='par_1_63' title="bbox 1021 2144 1949 2214">
     <span class='ocr_line' id='line_1_100' title="bbox 1021 2144 1949 2214; baseline 0.009 -17"><span class='ocrx_word' id='word_1_317' title='bbox 1021 2167 1083 2211; x_wconf 73' lang='lat' dir='ltr'><strong>ora,</strong></span> <span class='ocrx_word' id='word_1_318' title='bbox 1138 2160 1166 2198; x_wconf 94' lang='lat' dir='ltr'><strong>in</strong></span> <span class='ocrx_word' id='word_1_319' title='bbox 1179 2144 1317 2214; x_wconf 82' lang='lat' dir='ltr'><strong>precibus,</strong></span> <span class='ocrx_word' id='word_1_320' title='bbox 1333 2144 1379 2198; x_wconf 90' lang='lat' dir='ltr'><strong>ubi</strong></span> <span class='ocrx_word' id='word_1_321' title='bbox 1394 2161 1451 2198; x_wconf 92' lang='lat' dir='ltr'><strong>iion</strong></span> <span class='ocrx_word' id='word_1_322' title='bbox 1475 2148 1517 2199; x_wconf 90' lang='lat' dir='ltr'><strong>est</strong></span> <span class='ocrx_word' id='word_1_323' title='bbox 1527 2148 1556 2197; x_wconf 79' lang='grc' dir='ltr'><strong>τὸ</strong></span> <span class='ocrx_word' id='word_1_324' title='bbox 1585 2146 1711 2202; x_wconf 80' lang='lat' dir='ltr'><strong>Domine</strong></span> <span class='ocrx_word' id='word_1_325' title='bbox 1722 2149 1802 2213; x_wconf 75' lang='lat' dir='ltr'><strong>desii,</strong></span> <span class='ocrx_word' id='word_1_326' title='bbox 1820 2148 1885 2204; x_wconf 90' lang='lat' dir='ltr'><strong>illud</strong></span> <span class='ocrx_word' id='word_1_327' title='bbox 1898 2166 1949 2205; x_wconf 89' lang='lat' dir='ltr'><strong>esse</strong></span> 
     </span>
    </p>

    <p class='ocr_par' dir='ltr' id='par_1_64' title="bbox 1021 2215 1418 2286">
     <span class='ocr_line' id='line_1_101' title="bbox 1021 2215 1418 2286; baseline 0 -16"><span class='ocrx_word' id='word_1_328' title='bbox 1021 2238 1082 2278; x_wconf 75' lang='lat' dir='ltr'><strong>ora,</strong></span> <span class='ocrx_word' id='word_1_329' title='bbox 1137 2215 1418 2286; x_wconf 87' lang='lat' dir='ltr'><strong>subintelligendum.</strong></span> 
     </span>
    </p>

    <p class='ocr_par' dir='ltr' id='par_1_65' title="bbox 1020 2282 1999 2367">
     <span class='ocr_line' id='line_1_102' title="bbox 1020 2282 1999 2367; baseline 0.009 -30"><span class='ocrx_word' id='word_1_330' title='bbox 1020 2308 1082 2348; x_wconf 70' lang='lat' dir='ltr'><strong>ora,</strong></span> <span class='ocrx_word' id='word_1_331' title='bbox 1175 2285 1260 2367; x_wconf 73' lang='lat'><strong>307</strong></span> <span class='ocrx_word' id='word_1_332' title='bbox 1279 2286 1404 2340; x_wconf 82' lang='lat' dir='ltr'><strong>&#39;laudeni</strong></span> <span class='ocrx_word' id='word_1_333' title='bbox 1418 2301 1451 2341; x_wconf 82' lang='lat' dir='ltr'><strong>ex</strong></span> <span class='ocrx_word' id='word_1_334' title='bbox 1464 2285 1508 2339; x_wconf 90' lang='lat' dir='ltr'><strong>his</strong></span> <span class='ocrx_word' id='word_1_335' title='bbox 1525 2286 1688 2341; x_wconf 89' lang='lat' dir='ltr'><strong>notandum</strong></span> <span class='ocrx_word' id='word_1_336' title='bbox 1702 2292 1747 2343; x_wconf 90' lang='lat' dir='ltr'><strong>est</strong></span> <span class='ocrx_word' id='word_1_337' title='bbox 1759 2288 1827 2345; x_wconf 90' lang='lat' dir='ltr'><strong>olim</strong></span> <span class='ocrx_word' id='word_1_338' title='bbox 1842 2290 1949 2345; x_wconf 87' lang='lat' dir='ltr'><strong>nondici</strong></span> <span class='ocrx_word' id='word_1_339' title='bbox 1998 2282 1999 2291; x_wconf 67' lang='grc'>’</span> 
     </span>
    </p>

    <p class='ocr_par' dir='ltr' id='par_1_66' title="bbox 1021 2356 1950 2428">
     <span class='ocr_line' id='line_1_103' title="bbox 1021 2356 1950 2428; baseline 0.005 -18"><span class='ocrx_word' id='word_1_340' title='bbox 1021 2379 1083 2421; x_wconf 77' lang='lat' dir='ltr'><strong>ora,</strong></span> <span class='ocrx_word' id='word_1_341' title='bbox 1138 2358 1254 2411; x_wconf 88' lang='lat' dir='ltr'><strong>solitum</strong></span> <span class='ocrx_word' id='word_1_342' title='bbox 1271 2356 1346 2411; x_wconf 71' lang='lat' dir='ltr'><strong>,iudi</strong></span> <span class='ocrx_word' id='word_1_343' title='bbox 1361 2373 1422 2421; x_wconf 82' lang='lat' dir='ltr'><strong>iios,</strong></span> <span class='ocrx_word' id='word_1_344' title='bbox 1438 2357 1474 2411; x_wconf 93' lang='lat' dir='ltr'><strong>ad</strong></span> <span class='ocrx_word' id='word_1_345' title='bbox 1490 2356 1558 2411; x_wconf 94' lang='lat' dir='ltr'><strong>illud</strong></span> <span class='ocrx_word' id='word_1_346' title='bbox 1582 2360 1619 2413; x_wconf 81' lang='lat' dir='ltr'><strong>Te</strong></span> <span class='ocrx_word' id='word_1_347' title='bbox 1638 2374 1790 2428; x_wconf 67' lang='lat' dir='ltr'><strong>rogamus,</strong></span> <span class='ocrx_word' id='word_1_348' title='bbox 1815 2360 1866 2415; x_wconf 88' lang='lat' dir='ltr'><strong>nisi</strong></span> <span class='ocrx_word' id='word_1_349' title='bbox 1877 2362 1901 2415; x_wconf 90' lang='lat' dir='ltr'><strong>in</strong></span> <span class='ocrx_word' id='word_1_350' title='bbox 1914 2362 1950 2416; x_wconf 89' lang='lat' dir='ltr'><strong>liis</strong></span> 
     </span>
    </p>

    <p class='ocr_par' dir='ltr' id='par_1_67' title="bbox 1023 2427 1999 2499">
     <span class='ocr_line' id='line_1_104' title="bbox 1023 2427 1999 2499; baseline 0.006 -19"><span class='ocrx_word' id='word_1_351' title='bbox 1023 2449 1082 2490; x_wconf 79' lang='lat' dir='ltr'><strong>ora,</strong></span> <span class='ocrx_word' id='word_1_352' title='bbox 1138 2428 1247 2482; x_wconf 91' lang='lat' dir='ltr'><strong>duabus</strong></span> <span class='ocrx_word' id='word_1_353' title='bbox 1259 2427 1951 2499; x_wconf 75' lang='lat' dir='ltr'><strong>supplicationibus,FtttDea‘etPeccatoiesDuod</strong></span> <span class='ocrx_word' id='word_1_354' title='bbox 1998 2464 1999 2499; x_wconf 61' lang='lat'>3</span> 
     </span>
    </p>

    <p class='ocr_par' dir='ltr' id='par_1_68' title="bbox 1020 2497 1952 2571">
     <span class='ocr_line' id='line_1_105' title="bbox 1020 2497 1952 2571; baseline 0.006 -20"><span class='ocrx_word' id='word_1_355' title='bbox 1020 2521 1081 2561; x_wconf 74' lang='lat' dir='ltr'><strong>ora.</strong></span> <span class='ocrx_word' id='word_1_356' title='bbox 1138 2498 1232 2553; x_wconf 85' lang='lat' dir='ltr'><strong>ridere</strong></span> <span class='ocrx_word' id='word_1_357' title='bbox 1246 2503 1288 2553; x_wconf 90' lang='lat' dir='ltr'><strong>est</strong></span> <span class='ocrx_word' id='word_1_358' title='bbox 1303 2499 1391 2553; x_wconf 88' lang='lat' dir='ltr'><strong>etiam</strong></span> <span class='ocrx_word' id='word_1_359' title='bbox 1415 2497 1442 2553; x_wconf 91' lang='lat' dir='ltr'><strong>iii</strong></span> <span class='ocrx_word' id='word_1_360' title='bbox 1461 2499 1562 2554; x_wconf 92' lang='lat' dir='ltr'><strong>litania</strong></span> <span class='ocrx_word' id='word_1_361' title='bbox 1594 2500 1738 2571; x_wconf 84' lang='lat' dir='ltr'><strong>llatpaiti,</strong></span> <span class='ocrx_word' id='word_1_362' title='bbox 1762 2502 1815 2558; x_wconf 87' lang='lat' dir='ltr'><strong>atsi</strong></span> <span class='ocrx_word' id='word_1_363' title='bbox 1841 2504 1952 2558; x_wconf 82' lang='lat' dir='ltr'><strong>versibus</strong></span> 
     </span>
    </p>

    <p class='ocr_par' dir='ltr' id='par_1_69' title="bbox 1021 2570 1949 2645">
     <span class='ocr_line' id='line_1_106' title="bbox 1021 2570 1949 2645; baseline 0.004 -21"><span class='ocrx_word' id='word_1_364' title='bbox 1021 2591 1082 2634; x_wconf 75' lang='lat' dir='ltr'><strong>ora,</strong></span> <span class='ocrx_word' id='word_1_365' title='bbox 1137 2572 1252 2641; x_wconf 88' lang='lat' dir='ltr'><strong>scripta,</strong></span> <span class='ocrx_word' id='word_1_366' title='bbox 1266 2572 1342 2639; x_wconf 92' lang='lat' dir='ltr'><strong>apud</strong></span> <span class='ocrx_word' id='word_1_367' title='bbox 1358 2570 1514 2629; x_wconf 85' lang='lat' dir='ltr'><strong>Canisium.</strong></span> <span class='ocrx_word' id='word_1_368' title='bbox 1537 2577 1607 2625; x_wconf 83' lang='lat' dir='ltr'><strong>toiri.</strong></span> <span class='ocrx_word' id='word_1_369' title='bbox 1626 2572 1746 2643; x_wconf 86' lang='lat' dir='ltr'><strong>vantiq.</strong></span> <span class='ocrx_word' id='word_1_370' title='bbox 1781 2574 1866 2639; x_wconf 82' lang='lat' dir='ltr'><strong>beet,</strong></span> <span class='ocrx_word' id='word_1_371' title='bbox 1879 2592 1903 2645; x_wconf 90' lang='lat' dir='ltr'><strong>p.</strong></span> <span class='ocrx_word' id='word_1_372' title='bbox 1917 2575 1949 2628; x_wconf 79' lang='lat'><strong>2:</strong></span> 
     </span>
    </p>

    <p class='ocr_par' dir='ltr' id='par_1_70' title="bbox 1020 2641 1845 2715">
     <span class='ocr_line' id='line_1_107' title="bbox 1020 2641 1845 2715; baseline 0.005 -22"><span class='ocrx_word' id='word_1_373' title='bbox 1020 2662 1081 2704; x_wconf 72' lang='lat' dir='ltr'><strong>om,</strong></span> <span class='ocrx_word' id='word_1_374' title='bbox 1172 2642 1229 2694; x_wconf 81' lang='lat' dir='ltr'><strong>Nos</strong></span> <span class='ocrx_word' id='word_1_375' title='bbox 1245 2646 1406 2711; x_wconf 88' lang='lat' dir='ltr'><strong>peccatores</strong></span> <span class='ocrx_word' id='word_1_376' title='bbox 1416 2641 1491 2703; x_wconf 90' lang='lat' dir='ltr'><strong>audi,</strong></span> <span class='ocrx_word' id='word_1_377' title='bbox 1507 2646 1543 2705; x_wconf 90' lang='lat' dir='ltr'><strong>te,</strong></span> <span class='ocrx_word' id='word_1_378' title='bbox 1560 2641 1680 2705; x_wconf 81' lang='lat' dir='ltr'><strong>Christe,</strong></span> <span class='ocrx_word' id='word_1_379' title='bbox 1696 2660 1845 2715; x_wconf 77' lang='lat' dir='ltr'><strong>rogamus.</strong></span> 
     </span>
    </p>

    <p class='ocr_par' dir='ltr' id='par_1_71' title="bbox 1019 2710 1883 2787">
     <span class='ocr_line' id='line_1_108' title="bbox 1019 2710 1883 2787; baseline 0.006 -22"><span class='ocrx_word' id='word_1_380' title='bbox 1019 2734 1081 2777; x_wconf 74' lang='lat' dir='ltr'><strong>ora,</strong></span> <span class='ocrx_word' id='word_1_381' title='bbox 1173 2710 1208 2767; x_wconf 92' lang='lat' dir='ltr'><strong>Ut</strong></span> <span class='ocrx_word' id='word_1_382' title='bbox 1224 2728 1322 2781; x_wconf 86' lang='lat' dir='ltr'><strong>pacem</strong></span> <span class='ocrx_word' id='word_1_383' title='bbox 1337 2712 1417 2767; x_wconf 89' lang='lat' dir='ltr'><strong>nobis</strong></span> <span class='ocrx_word' id='word_1_384' title='bbox 1431 2712 1529 2778; x_wconf 84' lang='lat' dir='ltr'><strong>dones,</strong></span> <span class='ocrx_word' id='word_1_385' title='bbox 1544 2718 1582 2780; x_wconf 89' lang='lat' dir='ltr'><strong>te,</strong></span> <span class='ocrx_word' id='word_1_386' title='bbox 1598 2713 1723 2782; x_wconf 78' lang='lat' dir='ltr'><strong>Christe,</strong></span> <span class='ocrx_word' id='word_1_387' title='bbox 1739 2732 1883 2787; x_wconf 87' lang='lat' dir='ltr'><strong>rogamus.</strong></span> 
     </span>
    </p>

    <p class='ocr_par' dir='ltr' id='par_1_72' title="bbox 1019 2781 1951 2859">
     <span class='ocr_line' id='line_1_109' title="bbox 1019 2781 1951 2859; baseline 0.004 -24"><span class='ocrx_word' id='word_1_388' title='bbox 1019 2806 1081 2848; x_wconf 73' lang='lat' dir='ltr'><strong>ora,</strong></span> <span class='ocrx_word' id='word_1_389' title='bbox 1172 2782 1285 2837; x_wconf 89' lang='lat' dir='ltr'><strong>Crimen</strong></span> <span class='ocrx_word' id='word_1_390' title='bbox 1302 2786 1332 2837; x_wconf 95' lang='lat' dir='ltr'><strong>ut</strong></span> <span class='ocrx_word' id='word_1_391' title='bbox 1345 2799 1431 2838; x_wconf 89' lang='lat' dir='ltr'><strong>omne</strong></span> <span class='ocrx_word' id='word_1_392' title='bbox 1447 2781 1502 2837; x_wconf 91' lang='lat' dir='ltr'><strong>tuis</strong></span> <span class='ocrx_word' id='word_1_393' title='bbox 1514 2783 1619 2852; x_wconf 86' lang='lat' dir='ltr'><strong>solvas,</strong></span> <span class='ocrx_word' id='word_1_394' title='bbox 1627 2789 1667 2848; x_wconf 90' lang='lat' dir='ltr'><strong>te,</strong></span> <span class='ocrx_word' id='word_1_395' title='bbox 1682 2784 1809 2851; x_wconf 89' lang='lat' dir='ltr'><strong>Ctiriste,</strong></span> <span class='ocrx_word' id='word_1_396' title='bbox 1822 2802 1951 2859; x_wconf 86' lang='lat' dir='ltr'><strong>rogamus.</strong></span> 
     </span>
    </p>

    <p class='ocr_par' dir='ltr' id='par_1_73' title="bbox 1018 2853 1904 2928">
     <span class='ocr_line' id='line_1_110' title="bbox 1018 2853 1904 2928; baseline 0.007 -22"><span class='ocrx_word' id='word_1_397' title='bbox 1018 2876 1079 2916; x_wconf 70' lang='lat' dir='ltr'><strong>om,</strong></span> <span class='ocrx_word' id='word_1_398' title='bbox 1171 2856 1255 2908; x_wconf 83' lang='lat' dir='ltr'><strong>Aurae</strong></span> <span class='ocrx_word' id='word_1_399' title='bbox 1270 2853 1437 2924; x_wconf 87' lang='lat' dir='ltr'><strong>temperiem</strong></span> <span class='ocrx_word' id='word_1_400' title='bbox 1454 2855 1553 2919; x_wconf 84' lang='lat' dir='ltr'><strong>dones,</strong></span> <span class='ocrx_word' id='word_1_401' title='bbox 1569 2858 1606 2920; x_wconf 91' lang='lat' dir='ltr'><strong>te,</strong></span> <span class='ocrx_word' id='word_1_402' title='bbox 1623 2856 1749 2923; x_wconf 83' lang='lat' dir='ltr'><strong>Christe,</strong></span> <span class='ocrx_word' id='word_1_403' title='bbox 1767 2874 1904 2928; x_wconf 83' lang='lat' dir='ltr'><strong>rogamus.</strong></span> 
     </span>
    </p>

    <p class='ocr_par' dir='ltr' id='par_1_74' title="bbox 1018 2924 1999 2999">
     <span class='ocr_line' id='line_1_111' title="bbox 1018 2924 1999 2999; baseline 0.006 -21"><span class='ocrx_word' id='word_1_404' title='bbox 1018 2947 1079 2986; x_wconf 71' lang='lat' dir='ltr'><strong>ora,</strong></span> <span class='ocrx_word' id='word_1_405' title='bbox 1172 2925 1208 2979; x_wconf 94' lang='lat' dir='ltr'><strong>Ut</strong></span> <span class='ocrx_word' id='word_1_406' title='bbox 1224 2924 1318 2996; x_wconf 89' lang='lat' dir='ltr'><strong>lruges</strong></span> <span class='ocrx_word' id='word_1_407' title='bbox 1330 2931 1413 2980; x_wconf 84' lang='lat' dir='ltr'><strong>terrie</strong></span> <span class='ocrx_word' id='word_1_408' title='bbox 1431 2928 1531 2993; x_wconf 90' lang='lat' dir='ltr'><strong>dones,</strong></span> <span class='ocrx_word' id='word_1_409' title='bbox 1547 2930 1585 2982; x_wconf 89' lang='lat' dir='ltr'><strong>te.</strong></span> <span class='ocrx_word' id='word_1_410' title='bbox 1601 2925 1728 2992; x_wconf 83' lang='lat' dir='ltr'><strong>Christe,</strong></span> <span class='ocrx_word' id='word_1_411' title='bbox 1744 2945 1888 2999; x_wconf 86' lang='lat' dir='ltr'><strong>rogamus.</strong></span> <span class='ocrx_word' id='word_1_412' title='bbox 1998 2928 1999 2931; x_wconf 69' lang='grc'>’</span> 
     </span>
    </p>

    <p class='ocr_par' dir='ltr' id='par_1_75' title="bbox 1018 2997 1999 3120">
     <span class='ocr_line' id='line_1_112' title="bbox 1018 2997 1999 3120; baseline 0.004 -72"><span class='ocrx_word' id='word_1_413' title='bbox 1018 3019 1078 3058; x_wconf 71' lang='lat' dir='ltr'><strong>ora,</strong></span> <span class='ocrx_word' id='word_1_414' title='bbox 1172 2997 1208 3052; x_wconf 92' lang='lat' dir='ltr'><strong>Ut</strong></span> <span class='ocrx_word' id='word_1_415' title='bbox 1221 2997 1357 3120; x_wconf 68' lang='lat' dir='ltr'><strong>populum</strong></span> <span class='ocrx_word' id='word_1_416' title='bbox 1372 2997 1613 3056; x_wconf 87' lang='lat' dir='ltr'><strong>cunctumsalies,</strong></span> <span class='ocrx_word' id='word_1_417' title='bbox 1628 3001 1667 3061; x_wconf 88' lang='lat' dir='ltr'><strong>te,</strong></span> <span class='ocrx_word' id='word_1_418' title='bbox 1683 2999 1811 3066; x_wconf 84' lang='lat' dir='ltr'><strong>Christe,</strong></span> <span class='ocrx_word' id='word_1_419' title='bbox 1821 3014 1952 3070; x_wconf 86' lang='lat' dir='ltr'><strong>rogamus.</strong></span> <span class='ocrx_word' id='word_1_420' title='bbox 1998 3040 1999 3043; x_wconf 63' lang='lat'><strong>,</strong></span> 
     </span>
    </p>

    <p class='ocr_par' dir='ltr' id='par_1_76' title="bbox 1017 3067 1954 3142">
     <span class='ocr_line' id='line_1_113' title="bbox 1017 3067 1954 3142; baseline 0.004 -23"><span class='ocrx_word' id='word_1_421' title='bbox 1017 3089 1077 3127; x_wconf 72' lang='lat' dir='ltr'><strong>ora,</strong></span> <span class='ocrx_word' id='word_1_422' title='bbox 1171 3067 1223 3120; x_wconf 83' lang='lat' dir='ltr'><strong>Ecc</strong></span> <span class='ocrx_word' id='word_1_423' title='bbox 1236 3067 1383 3137; x_wconf 83' lang='lat' dir='ltr'><strong>asiamque</strong></span> <span class='ocrx_word' id='word_1_424' title='bbox 1400 3073 1479 3122; x_wconf 90' lang='lat' dir='ltr'><strong>tuam</strong></span> <span class='ocrx_word' id='word_1_425' title='bbox 1495 3068 1603 3132; x_wconf 87' lang='lat' dir='ltr'><strong>firmes,</strong></span> <span class='ocrx_word' id='word_1_426' title='bbox 1618 3071 1656 3132; x_wconf 86' lang='lat' dir='ltr'><strong>te,</strong></span> <span class='ocrx_word' id='word_1_427' title='bbox 1672 3070 1801 3137; x_wconf 89' lang='lat' dir='ltr'><strong>Christe,</strong></span> <span class='ocrx_word' id='word_1_428' title='bbox 1822 3085 1954 3142; x_wconf 86' lang='lat' dir='ltr'><strong>rogamus.</strong></span> 
     </span>
    </p>

    <p class='ocr_par' dir='ltr' id='par_1_77' title="bbox 1018 3136 1825 3213">
     <span class='ocr_line' id='line_1_114' title="bbox 1018 3136 1825 3213; baseline 0.011 -25"><span class='ocrx_word' id='word_1_429' title='bbox 1018 3160 1078 3199; x_wconf 57' lang='lat' dir='ltr'><strong>ora,</strong></span> <span class='ocrx_word' id='word_1_430' title='bbox 1171 3136 1221 3192; x_wconf 82' lang='lat' dir='ltr'><strong>Fili</strong></span> <span class='ocrx_word' id='word_1_431' title='bbox 1234 3137 1408 3199; x_wconf 86' lang='lat' dir='ltr'><strong>celsithroni,</strong></span> <span class='ocrx_word' id='word_1_432' title='bbox 1427 3154 1478 3193; x_wconf 86' lang='lat' dir='ltr'><strong>noa</strong></span> <span class='ocrx_word' id='word_1_433' title='bbox 1492 3139 1569 3205; x_wconf 89' lang='lat' dir='ltr'><strong>audi,</strong></span> <span class='ocrx_word' id='word_1_434' title='bbox 1582 3143 1610 3193; x_wconf 90' lang='lat' dir='ltr'><strong>te</strong></span> <span class='ocrx_word' id='word_1_435' title='bbox 1623 3145 1651 3194; x_wconf 92' lang='lat' dir='ltr'><strong>te</strong></span> <span class='ocrx_word' id='word_1_436' title='bbox 1671 3157 1825 3213; x_wconf 84' lang='lat' dir='ltr'><strong>rogamus.</strong></span> 
     </span>
    </p>

    <p class='ocr_par' dir='ltr' id='par_1_78' title="bbox 1018 3208 1956 3280">
     <span class='ocr_line' id='line_1_115' title="bbox 1018 3208 1956 3280; baseline -0.005 -11"><span class='ocrx_word' id='word_1_437' title='bbox 1018 3231 1078 3271; x_wconf 88' lang='lat' dir='ltr'><strong>ora.</strong></span> <span class='ocrx_word' id='word_1_438' title='bbox 1172 3208 1222 3263; x_wconf 86' lang='lat' dir='ltr'><strong>Ubi</strong></span> <span class='ocrx_word' id='word_1_439' title='bbox 1238 3208 1315 3263; x_wconf 83' lang='lat' dir='ltr'><strong>vides</strong></span> <span class='ocrx_word' id='word_1_440' title='bbox 1329 3211 1365 3263; x_wconf 90' lang='lat' dir='ltr'><strong>ad</strong></span> <span class='ocrx_word' id='word_1_441' title='bbox 1380 3208 1444 3263; x_wconf 85' lang='lat' dir='ltr'><strong>illas</strong></span> <span class='ocrx_word' id='word_1_442' title='bbox 1457 3210 1644 3280; x_wconf 86' lang='lat' dir='ltr'><strong>precationes,</strong></span> <span class='ocrx_word' id='word_1_443' title='bbox 1661 3212 1852 3279; x_wconf 79' lang='lat' dir='ltr'><strong>Peccatores,</strong></span> <span class='ocrx_word' id='word_1_444' title='bbox 1865 3216 1892 3267; x_wconf 85' lang='lat' dir='ltr'><strong>et</strong></span> <span class='ocrx_word' id='word_1_445' title='bbox 1904 3210 1956 3267; x_wconf 77' lang='lat' dir='ltr'><strong>ma</strong></span> 
     </span>
    </p>

    <p class='ocr_par' dir='ltr' id='par_1_79' title="bbox 1018 3279 1957 3355">
     <span class='ocr_line' id='line_1_116' title="bbox 1018 3279 1957 3355; baseline -0.007 -14"><span class='ocrx_word' id='word_1_446' title='bbox 1018 3302 1079 3341; x_wconf 90' lang='lat' dir='ltr'><strong>ora.</strong></span> <span class='ocrx_word' id='word_1_447' title='bbox 1133 3279 1198 3345; x_wconf 88' lang='lat' dir='ltr'><strong>Dei,</strong></span> <span class='ocrx_word' id='word_1_448' title='bbox 1216 3284 1328 3335; x_wconf 92' lang='lat' dir='ltr'><strong>tantuin</strong></span> <span class='ocrx_word' id='word_1_449' title='bbox 1341 3280 1472 3335; x_wconf 83' lang='lat' dir='ltr'><strong>interseri</strong></span> <span class='ocrx_word' id='word_1_450' title='bbox 1494 3282 1613 3335; x_wconf 85' lang='lat' dir='ltr'><strong>verbum</strong></span> <span class='ocrx_word' id='word_1_451' title='bbox 1637 3283 1723 3347; x_wconf 82' lang='lat' dir='ltr'><strong>ouili,</strong></span> <span class='ocrx_word' id='word_1_452' title='bbox 1755 3285 1834 3355; x_wconf 87' lang='lat' dir='ltr'><strong>quod</strong></span> <span class='ocrx_word' id='word_1_453' title='bbox 1857 3288 1957 3354; x_wconf 88' lang='lat' dir='ltr'><strong>poterat</strong></span> 
     </span>
    </p>

    <p class='ocr_par' dir='ltr' id='par_1_80' title="bbox 1018 3349 1999 3425">
     <span class='ocr_line' id='line_1_117' title="bbox 1018 3349 1999 3425; baseline 0.003 -22"><span class='ocrx_word' id='word_1_454' title='bbox 1018 3373 1078 3413; x_wconf 70' lang='lat' dir='ltr'><strong>ora,</strong></span> <span class='ocrx_word' id='word_1_455' title='bbox 1134 3349 1196 3404; x_wconf 86' lang='lat' dir='ltr'><strong>fieri</strong></span> <span class='ocrx_word' id='word_1_456' title='bbox 1209 3349 1297 3405; x_wconf 88' lang='lat' dir='ltr'><strong>etiam</strong></span> <span class='ocrx_word' id='word_1_457' title='bbox 1312 3350 1340 3405; x_wconf 92' lang='lat' dir='ltr'><strong>in</strong></span> <span class='ocrx_word' id='word_1_458' title='bbox 1357 3351 1784 3422; x_wconf 87' lang='lat' dir='ltr'><strong>aliisprecatiouibus,sublatis</strong></span> <span class='ocrx_word' id='word_1_459' title='bbox 1797 3353 1955 3425; x_wconf 88' lang='lat' dir='ltr'><strong>quibusdam</strong></span> <span class='ocrx_word' id='word_1_460' title='bbox 1998 3400 1999 3413; x_wconf 69' lang='lat'><strong>,</strong></span> 
     </span>
    </p>

    <p class='ocr_par' dir='ltr' id='par_1_81' title="bbox 1017 3422 1957 3497">
     <span class='ocr_line' id='line_1_118' title="bbox 1017 3422 1957 3497; baseline 0.004 -23"><span class='ocrx_word' id='word_1_461' title='bbox 1017 3445 1078 3483; x_wconf 69' lang='lat' dir='ltr'><strong>ora,</strong></span> <span class='ocrx_word' id='word_1_462' title='bbox 1135 3422 1290 3487; x_wconf 86' lang='lat' dir='ltr'><strong>vocabulis,</strong></span> <span class='ocrx_word' id='word_1_463' title='bbox 1316 3422 1396 3477; x_wconf 88' lang='lat' dir='ltr'><strong>salva</strong></span> <span class='ocrx_word' id='word_1_464' title='bbox 1423 3440 1522 3479; x_wconf 89' lang='lat' dir='ltr'><strong>sensus</strong></span> <span class='ocrx_word' id='word_1_465' title='bbox 1550 3426 1579 3478; x_wconf 89' lang='lat' dir='ltr'><strong>et</strong></span> <span class='ocrx_word' id='word_1_466' title='bbox 1604 3425 1775 3483; x_wconf 85' lang='lat' dir='ltr'><strong>carminum</strong></span> <span class='ocrx_word' id='word_1_467' title='bbox 1792 3424 1957 3497; x_wconf 87' lang='lat' dir='ltr'><strong>integritate,</strong></span> 
     </span>
    </p>

    <p class='ocr_par' dir='ltr' id='par_1_82' title="bbox 1018 3492 1338 3565">
     <span class='ocr_line' id='line_1_119' title="bbox 1018 3492 1338 3565; baseline 0.006 -21"><span class='ocrx_word' id='word_1_468' title='bbox 1018 3515 1078 3554; x_wconf 71' lang='lat' dir='ltr'><strong>ora,</strong></span> <span class='ocrx_word' id='word_1_469' title='bbox 1135 3492 1338 3565; x_wconf 87' lang='lat' dir='ltr'><strong>verbigratia:</strong></span> 
     </span>
    </p>

    <p class='ocr_par' dir='ltr' id='par_1_83' title="bbox 1017 3563 1889 3638">
     <span class='ocr_line' id='line_1_120' title="bbox 1017 3563 1889 3638; baseline 0.002 -20"><span class='ocrx_word' id='word_1_470' title='bbox 1017 3586 1078 3625; x_wconf 79' lang='lat' dir='ltr'><strong>ora,</strong></span> <span class='ocrx_word' id='word_1_471' title='bbox 1172 3566 1206 3619; x_wconf 91' lang='lat' dir='ltr'><strong>Ut</strong></span> <span class='ocrx_word' id='word_1_472' title='bbox 1219 3580 1318 3634; x_wconf 89' lang='lat' dir='ltr'><strong>pacem</strong></span> <span class='ocrx_word' id='word_1_473' title='bbox 1331 3565 1430 3629; x_wconf 90' lang='lat' dir='ltr'><strong>dones,</strong></span> <span class='ocrx_word' id='word_1_474' title='bbox 1447 3563 1524 3629; x_wconf 87' lang='lat' dir='ltr'><strong>audi,</strong></span> <span class='ocrx_word' id='word_1_475' title='bbox 1539 3568 1578 3632; x_wconf 89' lang='lat' dir='ltr'><strong>te,</strong></span> <span class='ocrx_word' id='word_1_476' title='bbox 1595 3565 1722 3632; x_wconf 88' lang='lat' dir='ltr'><strong>Christe,</strong></span> <span class='ocrx_word' id='word_1_477' title='bbox 1738 3583 1889 3638; x_wconf 88' lang='lat' dir='ltr'><strong>rogamus.</strong></span> 
     </span>
    </p>

    <p class='ocr_par' dir='ltr' id='par_1_84' title="bbox 1018 3634 1899 3710">
     <span class='ocr_line' id='line_1_121' title="bbox 1018 3634 1899 3710; baseline 0.003 -20"><span class='ocrx_word' id='word_1_478' title='bbox 1018 3658 1078 3697; x_wconf 82' lang='lat' dir='ltr'><strong>ora,</strong></span> <span class='ocrx_word' id='word_1_479' title='bbox 1171 3636 1206 3691; x_wconf 90' lang='lat' dir='ltr'><strong>Ut</strong></span> <span class='ocrx_word' id='word_1_480' title='bbox 1219 3635 1327 3690; x_wconf 88' lang='lat' dir='ltr'><strong>crimen</strong></span> <span class='ocrx_word' id='word_1_481' title='bbox 1339 3635 1442 3699; x_wconf 83' lang='lat' dir='ltr'><strong>solvas,</strong></span> <span class='ocrx_word' id='word_1_482' title='bbox 1458 3634 1534 3695; x_wconf 88' lang='lat' dir='ltr'><strong>audi,</strong></span> <span class='ocrx_word' id='word_1_483' title='bbox 1551 3640 1589 3698; x_wconf 90' lang='lat' dir='ltr'><strong>te,</strong></span> <span class='ocrx_word' id='word_1_484' title='bbox 1603 3637 1730 3702; x_wconf 88' lang='lat' dir='ltr'><strong>Christe,</strong></span> <span class='ocrx_word' id='word_1_485' title='bbox 1751 3654 1899 3710; x_wconf 86' lang='lat' dir='ltr'><strong>rogamus.</strong></span> 
     </span>
    </p>

    <p class='ocr_par' dir='ltr' id='par_1_85' title="bbox 1017 3704 1960 3774">
     <span class='ocr_line' id='line_1_122' title="bbox 1017 3704 1960 3774; baseline 0.001 -15"><span class='ocrx_word' id='word_1_486' title='bbox 1017 3728 1078 3767; x_wconf 75' lang='lat' dir='ltr'><strong>ora.</strong></span> <span class='ocrx_word' id='word_1_487' title='bbox 1134 3706 1167 3760; x_wconf 85' lang='lat' dir='ltr'><strong>Et</strong></span> <span class='ocrx_word' id='word_1_488' title='bbox 1183 3706 1222 3760; x_wconf 90' lang='lat' dir='ltr'><strong>sic</strong></span> <span class='ocrx_word' id='word_1_489' title='bbox 1238 3707 1272 3760; x_wconf 90' lang='lat' dir='ltr'><strong>de</strong></span> <span class='ocrx_word' id='word_1_490' title='bbox 1287 3706 1406 3762; x_wconf 78' lang='lat' dir='ltr'><strong>caeteris.</strong></span> <span class='ocrx_word' id='word_1_491' title='bbox 1420 3706 1453 3760; x_wconf 79' lang='lat' dir='ltr'><strong>at</strong></span> <span class='ocrx_word' id='word_1_492' title='bbox 1465 3722 1534 3760; x_wconf 90' lang='lat' dir='ltr'><strong>saue</strong></span> <span class='ocrx_word' id='word_1_493' title='bbox 1545 3705 1650 3761; x_wconf 89' lang='lat' dir='ltr'><strong>clarior</strong></span> <span class='ocrx_word' id='word_1_494' title='bbox 1665 3724 1775 3764; x_wconf 87' lang='lat' dir='ltr'><strong>sensus</strong></span> <span class='ocrx_word' id='word_1_495' title='bbox 1791 3714 1845 3774; x_wconf 89' lang='lat' dir='ltr'><strong>est,</strong></span> <span class='ocrx_word' id='word_1_496' title='bbox 1855 3724 1917 3764; x_wconf 87' lang='lat' dir='ltr'><strong>cum</strong></span> <span class='ocrx_word' id='word_1_497' title='bbox 1931 3704 1960 3760; x_wconf 84' lang='lat' dir='ltr'><strong>ab</strong></span> 
     </span>
    </p>

    <p class='ocr_par' dir='ltr' id='par_1_86' title="bbox 1017 3776 1999 3850">
     <span class='ocr_line' id='line_1_123' title="bbox 1017 3776 1999 3850; baseline 0 -21"><span class='ocrx_word' id='word_1_498' title='bbox 1017 3799 1078 3838; x_wconf 66' lang='lat' dir='ltr'><strong>ora,</strong></span> <span class='ocrx_word' id='word_1_499' title='bbox 1135 3776 1179 3830; x_wconf 89' lang='lat' dir='ltr'><strong>his</strong></span> <span class='ocrx_word' id='word_1_500' title='bbox 1193 3777 1322 3847; x_wconf 87' lang='lat' dir='ltr'><strong>precibus</strong></span> <span class='ocrx_word' id='word_1_501' title='bbox 1349 3779 1431 3832; x_wconf 87' lang='lat' dir='ltr'><strong>abest</strong></span> <span class='ocrx_word' id='word_1_502' title='bbox 1444 3781 1472 3828; x_wconf 82' lang='grc' dir='ltr'><strong>τὸ</strong></span> <span class='ocrx_word' id='word_1_503' title='bbox 1499 3779 1573 3832; x_wconf 81' lang='lat' dir='ltr'><strong>nodi</strong></span> <span class='ocrx_word' id='word_1_504' title='bbox 1594 3793 1655 3833; x_wconf 79' lang='lat' dir='ltr'><strong>nor.</strong></span> <span class='ocrx_word' id='word_1_505' title='bbox 1689 3782 1778 3850; x_wconf 76' lang='lat' dir='ltr'><strong>apud</strong></span> <span class='ocrx_word' id='word_1_506' title='bbox 1813 3778 1961 3835; x_wconf 82' lang='lat' dir='ltr'><strong>arnoldum</strong></span> <span class='ocrx_word' id='word_1_507' title='bbox 1998 3800 1999 3811; x_wconf 25' lang='grc' dir='ltr'><strong>κ</strong></span> 
     </span>
    </p>

    <p class='ocr_par' dir='ltr' id='par_1_87' title="bbox 1018 3846 1999 3992">
     <span class='ocr_line' id='line_1_124' title="bbox 1018 3846 1962 3974; baseline -0.002 -66"><span class='ocrx_word' id='word_1_508' title='bbox 1018 3870 1079 3908; x_wconf 91' lang='lat' dir='ltr'><strong>ora.</strong></span> <span class='ocrx_word' id='word_1_509' title='bbox 1137 3848 1279 3911; x_wconf 89' lang='lat' dir='ltr'><strong>Wiouem,</strong></span> <span class='ocrx_word' id='word_1_510' title='bbox 1293 3846 1342 3902; x_wconf 90' lang='lat' dir='ltr'><strong>lib.</strong></span> <span class='ocrx_word' id='word_1_511' title='bbox 1357 3865 1383 3902; x_wconf 85' lang='lat' dir='ltr'><strong>ir</strong></span> <span class='ocrx_word' id='word_1_512' title='bbox 1398 3847 1477 3919; x_wconf 89' lang='lat' dir='ltr'><strong>Ligui</strong></span> <span class='ocrx_word' id='word_1_513' title='bbox 1492 3848 1566 3915; x_wconf 78' lang='lat' dir='ltr'><strong>vita,</strong></span> <span class='ocrx_word' id='word_1_514' title='bbox 1583 3865 1643 3974; x_wconf 54' lang='lat' dir='ltr'><strong>cap.</strong></span> <span class='ocrx_word' id='word_1_515' title='bbox 1660 3850 1708 3916; x_wconf 80' lang='lat' dir='ltr'><strong>ia,</strong></span> <span class='ocrx_word' id='word_1_516' title='bbox 1728 3848 1962 3907; x_wconf 82' lang='lat' dir='ltr'><strong>habeturliiauia.</strong></span> 
     </span>
     <span class='ocr_line' id='line_1_125' title="bbox 1134 3918 1999 3992; baseline -0.002 -19"><span class='ocrx_word' id='word_1_517' title='bbox 1134 3934 1221 3989; x_wconf 91' lang='lat' dir='ltr'><strong>quam</strong></span> <span class='ocrx_word' id='word_1_518' title='bbox 1235 3918 1413 3975; x_wconf 90' lang='lat' dir='ltr'><strong>testaturille</strong></span> <span class='ocrx_word' id='word_1_519' title='bbox 1429 3936 1490 3975; x_wconf 87' lang='lat' dir='ltr'><strong>esse</strong></span> <span class='ocrx_word' id='word_1_520' title='bbox 1504 3919 1595 3973; x_wconf 90' lang='lat' dir='ltr'><strong>sancti</strong></span> <span class='ocrx_word' id='word_1_521' title='bbox 1633 3922 1742 3992; x_wconf 84' lang='lat' dir='ltr'><strong>regurii</strong></span> <span class='ocrx_word' id='word_1_522' title='bbox 1767 3923 1875 3992; x_wconf 85' lang='lat' dir='ltr'><strong>llagui,</strong></span> <span class='ocrx_word' id='word_1_523' title='bbox 1887 3934 1962 3989; x_wconf 79' lang='lat' dir='ltr'><strong>seque</strong></span> <span class='ocrx_word' id='word_1_524' title='bbox 1998 3924 1999 3989; x_wconf 73' lang='lat' dir='ltr'>J</span> 
     </span>
    </p>

    <p class='ocr_par' dir='ltr' id='par_1_88' title="bbox 1134 3987 1963 4064">
     <span class='ocr_line' id='line_1_126' title="bbox 1134 3987 1963 4064; baseline 0 -20"><span class='ocrx_word' id='word_1_525' title='bbox 1134 3990 1163 4044; x_wconf 91' lang='lat' dir='ltr'><strong>io</strong></span> <span class='ocrx_word' id='word_1_526' title='bbox 1179 3990 1284 4047; x_wconf 81' lang='lat' dir='ltr'><strong>Codice</strong></span> <span class='ocrx_word' id='word_1_527' title='bbox 1299 4007 1353 4044; x_wconf 85' lang='lat' dir='ltr'><strong>iiis.</strong></span> <span class='ocrx_word' id='word_1_528' title='bbox 1370 3991 1532 4045; x_wconf 87' lang='lat' dir='ltr'><strong>Casinensis</strong></span> <span class='ocrx_word' id='word_1_529' title='bbox 1558 3992 1731 4047; x_wconf 86' lang='lat' dir='ltr'><strong>monasterii</strong></span> <span class='ocrx_word' id='word_1_530' title='bbox 1749 3993 1901 4064; x_wconf 88' lang='lat' dir='ltr'><strong>reperisse.</strong></span> <span class='ocrx_word' id='word_1_531' title='bbox 1914 3987 1963 4044; x_wconf 86' lang='lat' dir='ltr'><strong>Sed</strong></span> 
     </span>
    </p>

    <p class='ocr_par' dir='ltr' id='par_1_89' title="bbox 1135 4061 1999 4132">
     <span class='ocr_line' id='line_1_127' title="bbox 1135 4061 1999 4132; baseline -0.001 -16"><span class='ocrx_word' id='word_1_532' title='bbox 1135 4077 1220 4116; x_wconf 89' lang='lat' dir='ltr'><strong>namo</strong></span> <span class='ocrx_word' id='word_1_533' title='bbox 1233 4065 1285 4125; x_wconf 90' lang='lat' dir='ltr'><strong>est,</strong></span> <span class='ocrx_word' id='word_1_534' title='bbox 1302 4061 1344 4116; x_wconf 91' lang='lat' dir='ltr'><strong>vel</strong></span> <span class='ocrx_word' id='word_1_535' title='bbox 1369 4062 1468 4116; x_wconf 87' lang='lat' dir='ltr'><strong>leviter</strong></span> <span class='ocrx_word' id='word_1_536' title='bbox 1487 4062 1667 4132; x_wconf 86' lang='lat' dir='ltr'><strong>antiquitatis</strong></span> <span class='ocrx_word' id='word_1_537' title='bbox 1694 4063 1901 4119; x_wconf 79' lang='lat' dir='ltr'><strong>ecclesiasticae</strong></span> <span class='ocrx_word' id='word_1_538' title='bbox 1914 4064 1964 4115; x_wconf 89' lang='lat' dir='ltr'><strong>stii-</strong></span> <span class='ocrx_word' id='word_1_539' title='bbox 1998 4106 1999 4111; x_wconf 50' lang='lat'><strong>.</strong></span> 
     </span>
    </p>

    <p class='ocr_par' dir='ltr' id='par_1_90' title="bbox 1134 4128 1964 4205">
     <span class='ocr_line' id='line_1_128' title="bbox 1134 4128 1964 4205; baseline -0.004 -19"><span class='ocrx_word' id='word_1_540' title='bbox 1134 4132 1188 4186; x_wconf 89' lang='lat' dir='ltr'><strong>diis</strong></span> <span class='ocrx_word' id='word_1_541' title='bbox 1199 4132 1335 4194; x_wconf 89' lang='lat' dir='ltr'><strong>imbutus,</strong></span> <span class='ocrx_word' id='word_1_542' title='bbox 1349 4132 1396 4202; x_wconf 87' lang='lat' dir='ltr'><strong>qui</strong></span> <span class='ocrx_word' id='word_1_543' title='bbox 1407 4133 1550 4205; x_wconf 87' lang='lat' dir='ltr'><strong>ejusmodi</strong></span> <span class='ocrx_word' id='word_1_544' title='bbox 1566 4132 1701 4187; x_wconf 88' lang='lat' dir='ltr'><strong>litaniam</strong></span> <span class='ocrx_word' id='word_1_545' title='bbox 1716 4135 1798 4190; x_wconf 92' lang='lat' dir='ltr'><strong>illius</strong></span> <span class='ocrx_word' id='word_1_546' title='bbox 1813 4152 1875 4191; x_wconf 88' lang='lat' dir='ltr'><strong>esse</strong></span> <span class='ocrx_word' id='word_1_547' title='bbox 1895 4128 1964 4188; x_wconf 90' lang='lat' dir='ltr'><strong>arbi·</strong></span> 
     </span>
    </p>

    <p class='ocr_par' dir='ltr' id='par_1_91' title="bbox 1134 4199 1965 4279">
     <span class='ocr_line' id='line_1_129' title="bbox 1134 4199 1965 4279; baseline -0.004 -22"><span class='ocrx_word' id='word_1_548' title='bbox 1134 4208 1235 4267; x_wconf 88' lang='lat' dir='ltr'><strong>tretur,</strong></span> <span class='ocrx_word' id='word_1_549' title='bbox 1252 4208 1281 4257; x_wconf 91' lang='lat' dir='ltr'><strong>ut</strong></span> <span class='ocrx_word' id='word_1_550' title='bbox 1293 4204 1425 4257; x_wconf 89' lang='lat' dir='ltr'><strong>omittam</strong></span> <span class='ocrx_word' id='word_1_551' title='bbox 1453 4204 1487 4258; x_wconf 91' lang='lat' dir='ltr'><strong>de</strong></span> <span class='ocrx_word' id='word_1_552' title='bbox 1512 4202 1693 4259; x_wconf 84' lang='lat' dir='ltr'><strong>invocatione</strong></span> <span class='ocrx_word' id='word_1_553' title='bbox 1720 4205 1859 4279; x_wconf 83' lang='lat' dir='ltr'><strong>ejusdem</strong></span> <span class='ocrx_word' id='word_1_554' title='bbox 1882 4199 1965 4260; x_wconf 84' lang='lat' dir='ltr'><strong>sancti</strong></span> 
     </span>
    </p>

    <p class='ocr_par' dir='ltr' id='par_1_92' title="bbox 1072 4273 1967 4345">
     <span class='ocr_line' id='line_1_130' title="bbox 1072 4273 1967 4345; baseline 0 -18"><span class='ocrx_word' id='word_1_555' title='bbox 1072 4308 1080 4317; x_wconf 81' lang='lat'><em>-</em></span> <span class='ocrx_word' id='word_1_556' title='bbox 1135 4273 1274 4345; x_wconf 82' lang='lat' dir='ltr'><strong>Gregorii,</strong></span> <span class='ocrx_word' id='word_1_557' title='bbox 1290 4279 1318 4329; x_wconf 92' lang='lat' dir='ltr'><strong>et</strong></span> <span class='ocrx_word' id='word_1_558' title='bbox 1330 4275 1521 4344; x_wconf 85' lang='lat' dir='ltr'><strong>quorumdam</strong></span> <span class='ocrx_word' id='word_1_559' title='bbox 1540 4279 1708 4330; x_wconf 88' lang='lat' dir='ltr'><strong>sanctorum</strong></span> <span class='ocrx_word' id='word_1_560' title='bbox 1727 4279 1830 4332; x_wconf 89' lang='lat' dir='ltr'><strong>adhuc</strong></span> <span class='ocrx_word' id='word_1_561' title='bbox 1844 4292 1908 4332; x_wconf 88' lang='lat' dir='ltr'><strong>cum</strong></span> <span class='ocrx_word' id='word_1_562' title='bbox 1924 4276 1967 4328; x_wconf 90' lang='lat' dir='ltr'><strong>lia-</strong></span> 
     </span>
    </p>
   </div>
   <div class='ocr_carea' id='block_1_11' title="bbox 1017 3941 1078 4051">
    <p class='ocr_par' dir='ltr' id='par_1_93' title="bbox 1017 3941 1078 4051">
     <span class='ocr_line' id='line_1_131' title="bbox 1018 3941 1078 3980; baseline -0.033 0"><span class='ocrx_word' id='word_1_563' title='bbox 1018 3941 1078 3980; x_wconf 85' lang='lat' dir='ltr'><strong>ora.</strong></span> 
     </span>
     <span class='ocr_line' id='line_1_132' title="bbox 1017 4012 1078 4051; baseline -0.033 0"><span class='ocrx_word' id='word_1_564' title='bbox 1017 4012 1078 4051; x_wconf 74' lang='lat' dir='ltr'><strong>Ol&#39;ll.</strong></span> 
     </span>
    </p>
   </div>
   <div class='ocr_carea' id='block_1_12' title="bbox 257 4344 1811 4442">
    <p class='ocr_par' dir='ltr' id='par_1_94' title="bbox 257 4344 1811 4442">
     <span class='ocr_line' id='line_1_133' title="bbox 257 4344 1811 4442; baseline -0.001 -40"><span class='ocrx_word' id='word_1_565' title='bbox 257 4350 298 4403; x_wconf 86' lang='lat' dir='ltr'><strong>Ab</strong></span> <span class='ocrx_word' id='word_1_566' title='bbox 312 4348 390 4402; x_wconf 90' lang='lat' dir='ltr'><strong>omni</strong></span> <span class='ocrx_word' id='word_1_567' title='bbox 406 4347 564 4401; x_wconf 88' lang='lat' dir='ltr'><strong>tentatione</strong></span> <span class='ocrx_word' id='word_1_568' title='bbox 580 4346 731 4414; x_wconf 89' lang='lat' dir='ltr'><strong>diabolica,</strong></span> <span class='ocrx_word' id='word_1_569' title='bbox 746 4347 835 4401; x_wconf 89' lang='lat' dir='ltr'><strong>libera</strong></span> <span class='ocrx_word' id='word_1_570' title='bbox 854 4363 915 4415; x_wconf 86' lang='lat' dir='ltr'><strong>nos,</strong></span> <span class='ocrx_word' id='word_1_571' title='bbox 932 4346 1060 4407; x_wconf 83' lang='lat' dir='ltr'><strong>Domine.</strong></span> <span class='ocrx_word' id='word_1_572' title='bbox 1096 4384 1118 4442; x_wconf 73' lang='lat' dir='ltr'>D</span> <span class='ocrx_word' id='word_1_573' title='bbox 1137 4346 1196 4399; x_wconf 88' lang='lat' dir='ltr'><strong>bita</strong></span> <span class='ocrx_word' id='word_1_574' title='bbox 1211 4351 1253 4399; x_wconf 89' lang='lat' dir='ltr'><strong>est</strong></span> <span class='ocrx_word' id='word_1_575' title='bbox 1270 4344 1433 4406; x_wconf 86' lang='lat' dir='ltr'><strong>viventium,</strong></span> <span class='ocrx_word' id='word_1_576' title='bbox 1448 4362 1510 4415; x_wconf 83' lang='lat' dir='ltr'><strong>quae</strong></span> <span class='ocrx_word' id='word_1_577' title='bbox 1523 4344 1551 4399; x_wconf 90' lang='lat' dir='ltr'><strong>iii</strong></span> <span class='ocrx_word' id='word_1_578' title='bbox 1564 4344 1612 4398; x_wconf 89' lang='lat' dir='ltr'><strong>itla</strong></span> <span class='ocrx_word' id='word_1_579' title='bbox 1626 4347 1811 4404; x_wconf 90' lang='lat' dir='ltr'><strong>continetur.</strong></span> 
     </span>
    </p>
   </div>
   <div class='ocr_carea' id='block_1_13' title="bbox 1171 4414 1669 4485">
    <p class='ocr_par' dir='ltr' id='par_1_95' title="bbox 1171 4414 1669 4485">
     <span class='ocr_line' id='line_1_134' title="bbox 1171 4414 1669 4485; baseline 0.002 -16"><span class='ocrx_word' id='word_1_580' title='bbox 1171 4416 1232 4469; x_wconf 84' lang='grc'><strong>381.</strong></span> <span class='ocrx_word' id='word_1_581' title='bbox 1254 4416 1381 4472; x_wconf 81' lang='lat' dir='ltr'><strong>Mentem</strong></span> <span class='ocrx_word' id='word_1_582' title='bbox 1395 4414 1521 4485; x_wconf 70' lang='lat' dir='ltr'><strong>leutitiae</strong></span> <span class='ocrx_word' id='word_1_583' title='bbox 1536 4421 1604 4482; x_wconf 80' lang='lat' dir='ltr'><strong>tuae,</strong></span> <span class='ocrx_word' id='word_1_584' title='bbox 1615 4421 1669 4472; x_wconf 90' lang='lat' dir='ltr'><strong>etc.</strong></span> 
     </span>
    </p>
   </div>
   <div class='ocr_carea' id='block_1_14' title="bbox 256 4417 1968 4544">
    <p class='ocr_par' dir='ltr' id='par_1_96' title="bbox 256 4417 1968 4544">
     <span class='ocr_line' id='line_1_135' title="bbox 256 4417 1007 4488; baseline -0.001 -15"><span class='ocrx_word' id='word_1_585' title='bbox 256 4420 298 4473; x_wconf 79' lang='lat' dir='ltr'><strong>Ab</strong></span> <span class='ocrx_word' id='word_1_586' title='bbox 314 4417 391 4473; x_wconf 91' lang='lat' dir='ltr'><strong>omni</strong></span> <span class='ocrx_word' id='word_1_587' title='bbox 408 4418 581 4488; x_wconf 79' lang='lat' dir='ltr'><strong>cogitatione</strong></span> <span class='ocrx_word' id='word_1_588' title='bbox 597 4418 683 4482; x_wconf 90' lang='lat' dir='ltr'><strong>mala,</strong></span> <span class='ocrx_word' id='word_1_589' title='bbox 695 4418 784 4473; x_wconf 89' lang='lat' dir='ltr'><strong>libera</strong></span> <span class='ocrx_word' id='word_1_590' title='bbox 798 4434 858 4483; x_wconf 89' lang='lat' dir='ltr'><strong>nos,</strong></span> <span class='ocrx_word' id='word_1_591' title='bbox 877 4419 1007 4474; x_wconf 89' lang='lat' dir='ltr'><strong>Domine.</strong></span> 
     </span>
     <span class='ocr_line' id='line_1_136' title="bbox 1172 4484 1968 4544; baseline -0.005 -4"><span class='ocrx_word' id='word_1_592' title='bbox 1172 4488 1236 4542; x_wconf 70' lang='lat' dir='ltr'><strong>llaec</strong></span> <span class='ocrx_word' id='word_1_593' title='bbox 1249 4492 1275 4541; x_wconf 93' lang='lat' dir='ltr'><strong>et</strong></span> <span class='ocrx_word' id='word_1_594' title='bbox 1289 4487 1396 4541; x_wconf 88' lang='lat' dir='ltr'><strong>similes</strong></span> <span class='ocrx_word' id='word_1_595' title='bbox 1411 4488 1561 4541; x_wconf 89' lang='lat' dir='ltr'><strong>Orationes</strong></span> <span class='ocrx_word' id='word_1_596' title='bbox 1574 4487 1771 4544; x_wconf 88' lang='lat' dir='ltr'><strong>autellissam</strong></span> <span class='ocrx_word' id='word_1_597' title='bbox 1790 4489 1925 4544; x_wconf 88' lang='lat' dir='ltr'><strong>dicuntur</strong></span> <span class='ocrx_word' id='word_1_598' title='bbox 1936 4484 1968 4538; x_wconf 90' lang='lat' dir='ltr'><strong>ad</strong></span> 
     </span>
    </p>
   </div>
   <div class='ocr_carea' id='block_1_15' title="bbox 257 4488 726 4773">
    <p class='ocr_par' dir='ltr' id='par_1_97' title="bbox 257 4488 726 4773">
     <span class='ocr_line' id='line_1_137' title="bbox 258 4488 679 4561; baseline -0.005 -17"><span class='ocrx_word' id='word_1_599' title='bbox 258 4490 298 4544; x_wconf 77' lang='lat' dir='ltr'><strong>ab</strong></span> <span class='ocrx_word' id='word_1_600' title='bbox 311 4490 391 4544; x_wconf 91' lang='lat' dir='ltr'><strong>omni</strong></span> <span class='ocrx_word' id='word_1_601' title='bbox 408 4490 565 4561; x_wconf 88' lang='lat' dir='ltr'><strong>iniquitate,</strong></span> <span class='ocrx_word' id='word_1_602' title='bbox 581 4488 679 4544; x_wconf 88' lang='lat' dir='ltr'><strong>libera.</strong></span> 
     </span>
     <span class='ocr_line' id='line_1_138' title="bbox 257 4559 718 4621; baseline -0.002 -6"><span class='ocrx_word' id='word_1_603' title='bbox 257 4562 299 4615; x_wconf 80' lang='lat' dir='ltr'><strong>Ab</strong></span> <span class='ocrx_word' id='word_1_604' title='bbox 315 4560 393 4615; x_wconf 90' lang='lat' dir='ltr'><strong>omni</strong></span> <span class='ocrx_word' id='word_1_605' title='bbox 411 4560 603 4621; x_wconf 86' lang='lat' dir='ltr'><strong>immunditia,</strong></span> <span class='ocrx_word' id='word_1_606' title='bbox 620 4559 718 4614; x_wconf 87' lang='lat' dir='ltr'><strong>libera.</strong></span> 
     </span>
     <span class='ocr_line' id='line_1_139' title="bbox 257 4631 658 4695; baseline -0.002 -9"><span class='ocrx_word' id='word_1_607' title='bbox 257 4631 310 4686; x_wconf 86' lang='lat' dir='ltr'><strong>Per</strong></span> <span class='ocrx_word' id='word_1_608' title='bbox 323 4648 435 4686; x_wconf 88' lang='lat' dir='ltr'><strong>crucem</strong></span> <span class='ocrx_word' id='word_1_609' title='bbox 449 4639 539 4695; x_wconf 87' lang='lat' dir='ltr'><strong>tuam,</strong></span> <span class='ocrx_word' id='word_1_610' title='bbox 559 4631 658 4686; x_wconf 90' lang='lat' dir='ltr'><strong>libera.</strong></span> 
     </span>
     <span class='ocr_line' id='line_1_140' title="bbox 258 4700 726 4773; baseline -0.004 -16"><span class='ocrx_word' id='word_1_611' title='bbox 258 4703 435 4768; x_wconf 88' lang='lat' dir='ltr'><strong>Peccatores,</strong></span> <span class='ocrx_word' id='word_1_612' title='bbox 453 4709 480 4759; x_wconf 87' lang='lat' dir='ltr'><strong>te</strong></span> <span class='ocrx_word' id='word_1_613' title='bbox 495 4719 630 4773; x_wconf 86' lang='lat' dir='ltr'><strong>rogamus</strong></span> <span class='ocrx_word' id='word_1_614' title='bbox 649 4700 726 4756; x_wconf 90' lang='lat' dir='ltr'><strong>audi.</strong></span> 
     </span>
    </p>
   </div>
   <div class='ocr_carea' id='block_1_16' title="bbox 1135 4557 1999 4844">
    <p class='ocr_par' dir='ltr' id='par_1_98' title="bbox 1135 4557 1969 4701">
     <span class='ocr_line' id='line_1_141' title="bbox 1136 4557 1969 4630; baseline -0.005 -17"><span class='ocrx_word' id='word_1_615' title='bbox 1136 4558 1290 4613; x_wconf 88' lang='lat' dir='ltr'><strong>Collectam</strong></span> <span class='ocrx_word' id='word_1_616' title='bbox 1304 4574 1353 4612; x_wconf 91' lang='lat' dir='ltr'><strong>seu</strong></span> <span class='ocrx_word' id='word_1_617' title='bbox 1369 4557 1593 4624; x_wconf 88' lang='lat' dir='ltr'><strong>Processionem,</strong></span> <span class='ocrx_word' id='word_1_618' title='bbox 1609 4558 1698 4614; x_wconf 84' lang='lat' dir='ltr'><strong>idest</strong></span> <span class='ocrx_word' id='word_1_619' title='bbox 1714 4559 1748 4615; x_wconf 91' lang='lat' dir='ltr'><strong>in</strong></span> <span class='ocrx_word' id='word_1_620' title='bbox 1764 4560 1878 4616; x_wconf 88' lang='lat' dir='ltr'><strong>locoad</strong></span> <span class='ocrx_word' id='word_1_621' title='bbox 1889 4570 1969 4630; x_wconf 84' lang='lat' dir='ltr'><strong>quein</strong></span> 
     </span>
     <span class='ocr_line' id='line_1_142' title="bbox 1135 4628 1577 4701; baseline 0 -18"><span class='ocrx_word' id='word_1_622' title='bbox 1135 4629 1227 4683; x_wconf 83' lang='lat' dir='ltr'><strong>clerus</strong></span> <span class='ocrx_word' id='word_1_623' title='bbox 1238 4634 1266 4684; x_wconf 90' lang='lat' dir='ltr'><strong>et</strong></span> <span class='ocrx_word' id='word_1_624' title='bbox 1278 4628 1399 4700; x_wconf 92' lang='lat' dir='ltr'><strong>populus</strong></span> <span class='ocrx_word' id='word_1_625' title='bbox 1414 4644 1577 4701; x_wconf 82' lang='lat' dir='ltr'><strong>pervenere.</strong></span> 
     </span>
    </p>

    <p class='ocr_par' dir='ltr' id='par_1_99' title="bbox 1170 4700 1395 4765">
     <span class='ocr_line' id='line_1_143' title="bbox 1170 4700 1395 4765; baseline 0.018 -12"><span class='ocrx_word' id='word_1_626' title='bbox 1170 4701 1232 4754; x_wconf 76' lang='lat'><strong>382.</strong></span> <span class='ocrx_word' id='word_1_627' title='bbox 1248 4700 1395 4765; x_wconf 73' lang='lat' dir='ltr'><strong>Fatipai&#39;t&#39;.</strong></span> 
     </span>
    </p>

    <p class='ocr_par' dir='ltr' id='par_1_100' title="bbox 1173 4769 1999 4844">
     <span class='ocr_line' id='line_1_144' title="bbox 1173 4769 1999 4844; baseline 0.001 -20"><span class='ocrx_word' id='word_1_628' title='bbox 1173 4772 1203 4824; x_wconf 93' lang='lat' dir='ltr'><strong>ld</strong></span> <span class='ocrx_word' id='word_1_629' title='bbox 1217 4769 1511 4842; x_wconf 87' lang='lat' dir='ltr'><strong>est,percuti.Nonius</strong></span> <span class='ocrx_word' id='word_1_630' title='bbox 1526 4769 1679 4835; x_wconf 78' lang='lat' dir='ltr'><strong>Marcellus,</strong></span> <span class='ocrx_word' id='word_1_631' title='bbox 1694 4787 1763 4844; x_wconf 88' lang='lat' dir='ltr'><strong>cap.</strong></span> <span class='ocrx_word' id='word_1_632' title='bbox 1777 4772 1807 4841; x_wconf 71' lang='grc'><strong>4,</strong></span> <span class='ocrx_word' id='word_1_633' title='bbox 1821 4771 1971 4843; x_wconf 69' lang='lat' dir='ltr'><strong>retiquae,</strong></span> <span class='ocrx_word' id='word_1_634' title='bbox 1998 4792 1999 4799; x_wconf 48' lang='lat'>¹</span> 
     </span>
    </p>
   </div>
   <div class='ocr_carea' id='block_1_17' title="bbox 214 4788 1085 5787">
    <p class='ocr_par' dir='ltr' id='par_1_101' title="bbox 257 4788 1081 4918">
     <span class='ocr_line' id='line_1_145' title="bbox 293 4788 1081 4863; baseline -0.001 -16"><span class='ocrx_word' id='word_1_635' title='bbox 293 4792 330 4847; x_wconf 94' lang='lat' dir='ltr'><strong>Ut</strong></span> <span class='ocrx_word' id='word_1_636' title='bbox 345 4808 443 4862; x_wconf 89' lang='lat' dir='ltr'><strong>paceni</strong></span> <span class='ocrx_word' id='word_1_637' title='bbox 460 4792 541 4847; x_wconf 92' lang='lat' dir='ltr'><strong>nohis</strong></span> <span class='ocrx_word' id='word_1_638' title='bbox 554 4791 662 4846; x_wconf 90' lang='lat' dir='ltr'><strong>donare</strong></span> <span class='ocrx_word' id='word_1_639' title='bbox 677 4788 813 4863; x_wconf 88' lang='lat' dir='ltr'><strong>digneris,</strong></span> <span class='ocrx_word' id='word_1_640' title='bbox 826 4788 947 4846; x_wconf 90' lang='lat' dir='ltr'><strong>Domine</strong></span> <span class='ocrx_word' id='word_1_641' title='bbox 963 4792 1039 4856; x_wconf 85' lang='lat' dir='ltr'><strong>lesu,</strong></span> <span class='ocrx_word' id='word_1_642' title='bbox 1053 4794 1081 4847; x_wconf 89' lang='lat' dir='ltr'><strong>te</strong></span> 
     </span>
     <span class='ocr_line' id='line_1_146' title="bbox 257 4879 869 4918; baseline 0 -1"><span class='ocrx_word' id='word_1_643' title='bbox 257 4879 403 4918; x_wconf 66' lang='lat' dir='ltr'><strong>roeainus.</strong></span> <span class='ocrx_word' id='word_1_644' title='bbox 866 4888 869 4893; x_wconf 57' lang='grc'><strong><em>»</em></strong></span> 
     </span>
    </p>

    <p class='ocr_par' dir='ltr' id='par_1_102' title="bbox 214 4905 1082 5218">
     <span class='ocr_line' id='line_1_147' title="bbox 291 4905 1082 5004; baseline -0.004 -13"><span class='ocrx_word' id='word_1_645' title='bbox 291 4905 329 4991; x_wconf 71' lang='lat' dir='ltr'><strong>Oi</strong></span> <span class='ocrx_word' id='word_1_646' title='bbox 344 4932 581 5004; x_wconf 86' lang='lat' dir='ltr'><strong>tranquillitatem</strong></span> <span class='ocrx_word' id='word_1_647' title='bbox 608 4930 683 5002; x_wconf 88' lang='lat' dir='ltr'><strong>paris</strong></span> <span class='ocrx_word' id='word_1_648' title='bbox 706 4931 837 4987; x_wconf 87' lang='lat' dir='ltr'><strong>Ecclesiae</strong></span> <span class='ocrx_word' id='word_1_649' title='bbox 865 4937 922 4988; x_wconf 81' lang='lat' dir='ltr'><strong>tute</strong></span> <span class='ocrx_word' id='word_1_650' title='bbox 932 4931 1031 5004; x_wconf 90' lang='lat' dir='ltr'><strong>largiri</strong></span> <span class='ocrx_word' id='word_1_651' title='bbox 1041 4932 1082 4988; x_wconf 93' lang='lat' dir='ltr'><strong>di-</strong></span> 
     </span>
     <span class='ocr_line' id='line_1_148' title="bbox 257 5005 714 5077; baseline -0.002 -19"><span class='ocrx_word' id='word_1_652' title='bbox 257 5005 362 5077; x_wconf 84' lang='lat' dir='ltr'><strong>gnaris,</strong></span> <span class='ocrx_word' id='word_1_653' title='bbox 377 5005 505 5073; x_wconf 80' lang='lat' dir='ltr'><strong>Domine,</strong></span> <span class='ocrx_word' id='word_1_654' title='bbox 523 5010 550 5059; x_wconf 92' lang='lat' dir='ltr'><strong>te</strong></span> <span class='ocrx_word' id='word_1_655' title='bbox 570 5020 714 5074; x_wconf 90' lang='lat' dir='ltr'><strong>rogamus.</strong></span> 
     </span>
     <span class='ocr_line' id='line_1_149' title="bbox 214 5073 1081 5146; baseline -0.001 -13"><span class='ocrx_word' id='word_1_656' title='bbox 214 5094 223 5111; x_wconf 81' lang='lat'><em>¹</em></span> <span class='ocrx_word' id='word_1_657' title='bbox 294 5078 330 5133; x_wconf 91' lang='lat' dir='ltr'><strong>Ut</strong></span> <span class='ocrx_word' id='word_1_658' title='bbox 342 5077 413 5131; x_wconf 90' lang='lat' dir='ltr'><strong>iram</strong></span> <span class='ocrx_word' id='word_1_659' title='bbox 431 5080 511 5131; x_wconf 89' lang='lat' dir='ltr'><strong>tuam</strong></span> <span class='ocrx_word' id='word_1_660' title='bbox 523 5093 540 5131; x_wconf 91' lang='lat' dir='ltr'><strong>a</strong></span> <span class='ocrx_word' id='word_1_661' title='bbox 551 5074 654 5146; x_wconf 91' lang='lat' dir='ltr'><strong>populo</strong></span> <span class='ocrx_word' id='word_1_662' title='bbox 667 5073 968 5130; x_wconf 87' lang='lat' dir='ltr'><strong>Christianoamovore</strong></span> <span class='ocrx_word' id='word_1_663' title='bbox 981 5075 1081 5146; x_wconf 83' lang='lat' dir='ltr'><strong>digne·</strong></span> 
     </span>
     <span class='ocr_line' id='line_1_150' title="bbox 255 5147 508 5218; baseline -0.004 -16"><span class='ocrx_word' id='word_1_664' title='bbox 255 5147 305 5207; x_wconf 90' lang='lat' dir='ltr'><strong>ris,</strong></span> <span class='ocrx_word' id='word_1_665' title='bbox 322 5153 349 5203; x_wconf 87' lang='lat' dir='ltr'><strong>te</strong></span> <span class='ocrx_word' id='word_1_666' title='bbox 363 5163 508 5218; x_wconf 88' lang='lat' dir='ltr'><strong>rogamus.</strong></span> 
     </span>
    </p>

    <p class='ocr_par' dir='ltr' id='par_1_103' title="bbox 255 5215 1081 5346">
     <span class='ocr_line' id='line_1_151' title="bbox 292 5215 1081 5289; baseline -0.001 -15"><span class='ocrx_word' id='word_1_667' title='bbox 292 5220 329 5274; x_wconf 93' lang='lat' dir='ltr'><strong>Ut</strong></span> <span class='ocrx_word' id='word_1_668' title='bbox 342 5221 378 5274; x_wconf 90' lang='lat' dir='ltr'><strong>ab</strong></span> <span class='ocrx_word' id='word_1_669' title='bbox 393 5218 517 5274; x_wconf 84' lang='lat' dir='ltr'><strong>bostium</strong></span> <span class='ocrx_word' id='word_1_670' title='bbox 532 5215 663 5289; x_wconf 88' lang='lat' dir='ltr'><strong>periculis</strong></span> <span class='ocrx_word' id='word_1_671' title='bbox 679 5232 731 5271; x_wconf 86' lang='lat' dir='ltr'><strong>nos</strong></span> <span class='ocrx_word' id='word_1_672' title='bbox 742 5217 895 5273; x_wconf 89' lang='lat' dir='ltr'><strong>delendera</strong></span> <span class='ocrx_word' id='word_1_673' title='bbox 906 5217 1041 5289; x_wconf 87' lang='lat' dir='ltr'><strong>digneris,</strong></span> <span class='ocrx_word' id='word_1_674' title='bbox 1057 5225 1081 5273; x_wconf 90' lang='lat' dir='ltr'><strong>te</strong></span> 
     </span>
     <span class='ocr_line' id='line_1_152' title="bbox 255 5306 390 5346; baseline -0.007 -1"><span class='ocrx_word' id='word_1_675' title='bbox 255 5306 288 5346; x_wconf 90' lang='lat' dir='ltr'><strong>ro</strong></span> <span class='ocrx_word' id='word_1_676' title='bbox 309 5307 390 5344; x_wconf 90' lang='lat' dir='ltr'><strong>anius</strong></span> 
     </span>
    </p>

    <p class='ocr_par' dir='ltr' id='par_1_104' title="bbox 256 5307 1081 5504">
     <span class='ocr_line' id='line_1_153' title="bbox 289 5307 1081 5430; baseline -0.005 -11"><span class='ocrx_word' id='word_1_677' title='bbox 289 5307 329 5419; x_wconf 66' lang='lat' dir='ltr'><strong>bt</strong></span> <span class='ocrx_word' id='word_1_678' title='bbox 344 5359 552 5430; x_wconf 87' lang='lat' dir='ltr'><strong>indulgentiam</strong></span> <span class='ocrx_word' id='word_1_679' title='bbox 568 5357 736 5413; x_wconf 81' lang='lat' dir='ltr'><strong>delictorum</strong></span> <span class='ocrx_word' id='word_1_680' title='bbox 750 5363 914 5415; x_wconf 89' lang='lat' dir='ltr'><strong>nostrorum</strong></span> <span class='ocrx_word' id='word_1_681' title='bbox 935 5359 1017 5415; x_wconf 89' lang='lat' dir='ltr'><strong>nohis</strong></span> <span class='ocrx_word' id='word_1_682' title='bbox 1033 5360 1081 5415; x_wconf 92' lang='lat' dir='ltr'><strong>do·</strong></span> 
     </span>
     <span class='ocr_line' id='line_1_154' title="bbox 256 5431 678 5504; baseline -0.017 -14"><span class='ocrx_word' id='word_1_683' title='bbox 256 5450 326 5490; x_wconf 88' lang='lat' dir='ltr'><strong>nare</strong></span> <span class='ocrx_word' id='word_1_684' title='bbox 341 5431 477 5504; x_wconf 83' lang='lat' dir='ltr'><strong>digneris,</strong></span> <span class='ocrx_word' id='word_1_685' title='bbox 491 5436 517 5485; x_wconf 90' lang='lat' dir='ltr'><strong>te</strong></span> <span class='ocrx_word' id='word_1_686' title='bbox 532 5445 678 5501; x_wconf 88' lang='lat' dir='ltr'><strong>rogamus.</strong></span> 
     </span>
    </p>

    <p class='ocr_par' dir='ltr' id='par_1_105' title="bbox 258 5500 1083 5646">
     <span class='ocr_line' id='line_1_155' title="bbox 294 5500 1083 5572; baseline -0.005 -12"><span class='ocrx_word' id='word_1_687' title='bbox 294 5504 329 5560; x_wconf 86' lang='lat' dir='ltr'><strong>Ut</strong></span> <span class='ocrx_word' id='word_1_688' title='bbox 344 5502 541 5558; x_wconf 86' lang='lat' dir='ltr'><strong>remissionem</strong></span> <span class='ocrx_word' id='word_1_689' title='bbox 553 5507 732 5572; x_wconf 88' lang='lat' dir='ltr'><strong>peccatorum</strong></span> <span class='ocrx_word' id='word_1_690' title='bbox 760 5506 925 5556; x_wconf 88' lang='lat' dir='ltr'><strong>nostrorum</strong></span> <span class='ocrx_word' id='word_1_691' title='bbox 939 5500 1021 5556; x_wconf 92' lang='lat' dir='ltr'><strong>nobis</strong></span> <span class='ocrx_word' id='word_1_692' title='bbox 1034 5502 1083 5557; x_wconf 88' lang='lat' dir='ltr'><strong>do·</strong></span> 
     </span>
     <span class='ocr_line' id='line_1_156' title="bbox 258 5574 893 5646; baseline -0.011 -16"><span class='ocrx_word' id='word_1_693' title='bbox 258 5592 326 5631; x_wconf 90' lang='lat' dir='ltr'><strong>nare</strong></span> <span class='ocrx_word' id='word_1_694' title='bbox 337 5574 472 5646; x_wconf 90' lang='lat' dir='ltr'><strong>digneris,</strong></span> <span class='ocrx_word' id='word_1_695' title='bbox 487 5574 691 5639; x_wconf 87' lang='lat' dir='ltr'><strong>Doininetesu,</strong></span> <span class='ocrx_word' id='word_1_696' title='bbox 709 5580 735 5628; x_wconf 92' lang='lat' dir='ltr'><strong>te</strong></span> <span class='ocrx_word' id='word_1_697' title='bbox 748 5589 893 5645; x_wconf 83' lang='lat' dir='ltr'><strong>rogamus.</strong></span> 
     </span>
    </p>

    <p class='ocr_par' dir='ltr' id='par_1_106' title="bbox 258 5642 1085 5787">
     <span class='ocr_line' id='line_1_157' title="bbox 294 5642 1084 5717; baseline -0.003 -15"><span class='ocrx_word' id='word_1_698' title='bbox 294 5648 330 5702; x_wconf 85' lang='lat' dir='ltr'><strong>tii</strong></span> <span class='ocrx_word' id='word_1_699' title='bbox 341 5646 464 5717; x_wconf 88' lang='lat' dir='ltr'><strong>gratiam</strong></span> <span class='ocrx_word' id='word_1_700' title='bbox 479 5645 571 5699; x_wconf 88' lang='lat' dir='ltr'><strong>sancti</strong></span> <span class='ocrx_word' id='word_1_701' title='bbox 585 5643 707 5715; x_wconf 84' lang='lat' dir='ltr'><strong>Spiritus</strong></span> <span class='ocrx_word' id='word_1_702' title='bbox 739 5647 871 5699; x_wconf 80' lang='lat' dir='ltr'><strong>cordibus</strong></span> <span class='ocrx_word' id='word_1_703' title='bbox 898 5642 1003 5698; x_wconf 91' lang='lat' dir='ltr'><strong>nostris</strong></span> <span class='ocrx_word' id='word_1_704' title='bbox 1022 5643 1084 5700; x_wconf 86' lang='lat' dir='ltr'><strong>cle-</strong></span> 
     </span>
     <span class='ocr_line' id='line_1_158' title="bbox 258 5714 1085 5787; baseline 0.004 -16"><span class='ocrx_word' id='word_1_705' title='bbox 258 5716 529 5773; x_wconf 86' lang='lat' dir='ltr'><strong>menterintuudere</strong></span> <span class='ocrx_word' id='word_1_706' title='bbox 541 5714 675 5787; x_wconf 90' lang='lat' dir='ltr'><strong>digneris,</strong></span> <span class='ocrx_word' id='word_1_707' title='bbox 683 5715 803 5771; x_wconf 88' lang='lat' dir='ltr'><strong>Domine</strong></span> <span class='ocrx_word' id='word_1_708' title='bbox 817 5715 894 5781; x_wconf 83' lang='lat' dir='ltr'><strong>lesu,</strong></span> <span class='ocrx_word' id='word_1_709' title='bbox 907 5718 934 5770; x_wconf 92' lang='lat' dir='ltr'><strong>te</strong></span> <span class='ocrx_word' id='word_1_710' title='bbox 940 5730 1085 5787; x_wconf 84' lang='lat' dir='ltr'><strong>rogamus.</strong></span> 
     </span>
    </p>
   </div>
   <div class='ocr_carea' id='block_1_18' title="bbox 1134 4840 1600 4913">
    <p class='ocr_par' dir='ltr' id='par_1_107' title="bbox 1134 4840 1600 4913">
     <span class='ocr_line' id='line_1_159' title="bbox 1134 4840 1600 4913; baseline -0.002 -16"><span class='ocrx_word' id='word_1_711' title='bbox 1134 4841 1300 4899; x_wconf 76' lang='lat' dir='ltr'><strong>Percntare.</strong></span> <span class='ocrx_word' id='word_1_712' title='bbox 1321 4840 1471 4913; x_wconf 73' lang='lat' dir='ltr'><strong>Virgilius,</strong></span> <span class='ocrx_word' id='word_1_713' title='bbox 1487 4841 1537 4897; x_wconf 84' lang='lat' dir='ltr'><strong>tib.</strong></span> <span class='ocrx_word' id='word_1_714' title='bbox 1549 4858 1600 4896; x_wconf 84' lang='lat' dir='ltr'><strong>iii:</strong></span> 
     </span>
    </p>
   </div>
   <div class='ocr_carea' id='block_1_19' title="bbox 1258 4928 1674 5057">
    <p class='ocr_par' dir='ltr' id='par_1_108' title="bbox 1258 4928 1674 5057">
     <span class='ocr_line' id='line_1_160' title="bbox 1310 4928 1674 4992; baseline 0.003 -14"><span class='ocrx_word' id='word_1_715' title='bbox 1310 4972 1331 4985; x_wconf 83' lang='grc'><strong>,,</strong></span> <span class='ocrx_word' id='word_1_716' title='bbox 1342 4972 1362 4984; x_wconf 85' lang='grc'><strong>,,</strong></span> <span class='ocrx_word' id='word_1_717' title='bbox 1384 4928 1518 4992; x_wconf 78' lang='lat' dir='ltr'><strong>Versaque</strong></span> <span class='ocrx_word' id='word_1_718' title='bbox 1529 4929 1674 4992; x_wconf 70' lang='lat' dir='ltr'><strong>iuvencum</strong></span> 
     </span>
     <span class='ocr_line' id='line_1_161' title="bbox 1258 4991 1639 5057; baseline -0.005 -15"><span class='ocrx_word' id='word_1_719' title='bbox 1258 4993 1343 5057; x_wconf 87' lang='lat' dir='ltr'><strong>Terga</strong></span> <span class='ocrx_word' id='word_1_720' title='bbox 1356 4992 1501 5055; x_wconf 81' lang='lat' dir='ltr'><strong>fatigamus</strong></span> <span class='ocrx_word' id='word_1_721' title='bbox 1512 4991 1590 5041; x_wconf 84' lang='lat' dir='ltr'><strong>basta</strong></span> <span class='ocrx_word' id='word_1_722' title='bbox 1592 5028 1639 5042; x_wconf 87' lang='lat'><strong>.....</strong></span> 
     </span>
    </p>
   </div>
   <div class='ocr_carea' id='block_1_20' title="bbox 1136 5071 1999 5786">
    <p class='ocr_par' dir='ltr' id='par_1_109' title="bbox 1136 5071 1974 5283">
     <span class='ocr_line' id='line_1_162' title="bbox 1136 5071 1974 5142; baseline -0.008 -12"><span class='ocrx_word' id='word_1_723' title='bbox 1136 5073 1218 5130; x_wconf 84' lang='lat' dir='ltr'><strong>Etita</strong></span> <span class='ocrx_word' id='word_1_724' title='bbox 1233 5088 1288 5127; x_wconf 90' lang='lat' dir='ltr'><strong>non</strong></span> <span class='ocrx_word' id='word_1_725' title='bbox 1305 5074 1391 5127; x_wconf 89' lang='lat' dir='ltr'><strong>semel</strong></span> <span class='ocrx_word' id='word_1_726' title='bbox 1423 5077 1576 5142; x_wconf 87' lang='lat' dir='ltr'><strong>usurpatur</strong></span> <span class='ocrx_word' id='word_1_727' title='bbox 1587 5071 1614 5125; x_wconf 90' lang='lat' dir='ltr'><strong>in</strong></span> <span class='ocrx_word' id='word_1_728' title='bbox 1628 5071 1679 5126; x_wconf 88' lang='lat' dir='ltr'><strong>hoe</strong></span> <span class='ocrx_word' id='word_1_729' title='bbox 1707 5073 1974 5129; x_wconf 87' lang='lat' dir='ltr'><strong>Sacramentoruni</strong></span> 
     </span>
     <span class='ocr_line' id='line_1_163' title="bbox 1137 5141 1973 5215; baseline 0 -16"><span class='ocrx_word' id='word_1_730' title='bbox 1137 5149 1218 5205; x_wconf 88' lang='lat' dir='ltr'><strong>libro,</strong></span> <span class='ocrx_word' id='word_1_731' title='bbox 1236 5149 1266 5199; x_wconf 95' lang='lat' dir='ltr'><strong>ut</strong></span> <span class='ocrx_word' id='word_1_732' title='bbox 1280 5143 1365 5207; x_wconf 85' lang='lat' dir='ltr'><strong>intra,</strong></span> <span class='ocrx_word' id='word_1_733' title='bbox 1382 5144 1452 5198; x_wconf 86' lang='lat' dir='ltr'><strong>teria</strong></span> <span class='ocrx_word' id='word_1_734' title='bbox 1466 5144 1502 5197; x_wconf 85' lang='lat'><strong>3:</strong></span> <span class='ocrx_word' id='word_1_735' title='bbox 1519 5143 1632 5197; x_wconf 79' lang='lat' dir='ltr'><strong>Nosti-is</strong></span> <span class='ocrx_word' id='word_1_736' title='bbox 1645 5146 1833 5214; x_wconf 64' lang='lat' dir='ltr'><strong>fatigamur</strong></span> <span class='ocrx_word' id='word_1_737' title='bbox 1843 5141 1973 5215; x_wconf 68' lang='lat' dir='ltr'><strong>offensis·</strong></span> 
     </span>
     <span class='ocr_line' id='line_1_164' title="bbox 1136 5214 1714 5283; baseline -0.009 -12"><span class='ocrx_word' id='word_1_738' title='bbox 1136 5216 1167 5271; x_wconf 93' lang='lat' dir='ltr'><strong>ld</strong></span> <span class='ocrx_word' id='word_1_739' title='bbox 1182 5220 1234 5275; x_wconf 86' lang='lat' dir='ltr'><strong>est.</strong></span> <span class='ocrx_word' id='word_1_740' title='bbox 1247 5217 1282 5269; x_wconf 91' lang='lat' dir='ltr'><strong>ob</strong></span> <span class='ocrx_word' id='word_1_741' title='bbox 1299 5219 1396 5269; x_wconf 89' lang='lat' dir='ltr'><strong>nostra</strong></span> <span class='ocrx_word' id='word_1_742' title='bbox 1411 5214 1514 5269; x_wconf 90' lang='lat' dir='ltr'><strong>delicta</strong></span> <span class='ocrx_word' id='word_1_743' title='bbox 1527 5215 1714 5283; x_wconf 90' lang='lat' dir='ltr'><strong>percutimur.</strong></span> 
     </span>
    </p>

    <p class='ocr_par' dir='ltr' id='par_1_110' title="bbox 1136 5282 1981 5497">
     <span class='ocr_line' id='line_1_165' title="bbox 1171 5282 1978 5356; baseline -0.005 -15"><span class='ocrx_word' id='word_1_744' title='bbox 1171 5288 1233 5343; x_wconf 74' lang='lat'><strong>333.</strong></span> <span class='ocrx_word' id='word_1_745' title='bbox 1247 5287 1370 5351; x_wconf 70' lang='lat' dir='ltr'><strong>Praetu,</strong></span> <span class='ocrx_word' id='word_1_746' title='bbox 1385 5298 1555 5356; x_wconf 72' lang='lat' dir='ltr'><strong>quaestorius,</strong></span> <span class='ocrx_word' id='word_1_747' title='bbox 1571 5287 1760 5353; x_wconf 80' lang='lat' dir='ltr'><strong>omnipotens</strong></span> <span class='ocrx_word' id='word_1_748' title='bbox 1775 5287 1872 5349; x_wconf 78' lang='lat' dir='ltr'><strong>Deus,</strong></span> <span class='ocrx_word' id='word_1_749' title='bbox 1887 5282 1978 5342; x_wconf 77' lang='lat' dir='ltr'><strong>etcln</strong></span> 
     </span>
     <span class='ocr_line' id='line_1_166' title="bbox 1136 5355 1981 5431; baseline -0.005 -18"><span class='ocrx_word' id='word_1_750' title='bbox 1136 5357 1251 5413; x_wconf 83' lang='lat' dir='ltr'><strong>Ercusis</strong></span> <span class='ocrx_word' id='word_1_751' title='bbox 1273 5363 1430 5427; x_wconf 84' lang='lat' dir='ltr'><strong>sequuntur</strong></span> <span class='ocrx_word' id='word_1_752' title='bbox 1458 5355 1606 5411; x_wconf 85' lang='lat' dir='ltr'><strong>Orationes</strong></span> <span class='ocrx_word' id='word_1_753' title='bbox 1632 5355 1661 5409; x_wconf 91' lang='lat' dir='ltr'><strong>in</strong></span> <span class='ocrx_word' id='word_1_754' title='bbox 1684 5371 1816 5428; x_wconf 85' lang='lat' dir='ltr'><strong>campo.</strong></span> <span class='ocrx_word' id='word_1_755' title='bbox 1838 5374 1905 5431; x_wconf 84' lang='lat' dir='ltr'><strong>quaa</strong></span> <span class='ocrx_word' id='word_1_756' title='bbox 1923 5369 1981 5412; x_wconf 89' lang='lat' dir='ltr'><strong>non</strong></span> 
     </span>
     <span class='ocr_line' id='line_1_167' title="bbox 1136 5425 1980 5497; baseline 0.001 -13"><span class='ocrx_word' id='word_1_757' title='bbox 1136 5427 1283 5484; x_wconf 84' lang='lat' dir='ltr'><strong>eiistautiu</strong></span> <span class='ocrx_word' id='word_1_758' title='bbox 1291 5428 1439 5483; x_wconf 88' lang='lat' dir='ltr'><strong>Codicibus</strong></span> <span class='ocrx_word' id='word_1_759' title='bbox 1450 5425 1554 5482; x_wconf 82' lang='lat' dir='ltr'><strong>nostris</strong></span> <span class='ocrx_word' id='word_1_760' title='bbox 1566 5443 1634 5484; x_wconf 88' lang='lat' dir='ltr'><strong>mss.</strong></span> <span class='ocrx_word' id='word_1_761' title='bbox 1646 5430 1795 5497; x_wconf 86' lang='lat' dir='ltr'><strong>necapad</strong></span> <span class='ocrx_word' id='word_1_762' title='bbox 1804 5428 1980 5487; x_wconf 72' lang='lat' dir='ltr'><strong>ramalium.</strong></span> 
     </span>
    </p>

    <p class='ocr_par' dir='ltr' id='par_1_111' title="bbox 1137 5496 1999 5643">
     <span class='ocr_line' id='line_1_168' title="bbox 1172 5496 1981 5571; baseline -0.004 -16"><span class='ocrx_word' id='word_1_763' title='bbox 1172 5500 1224 5555; x_wconf 82' lang='lat' dir='ltr'><strong>38t</strong></span> <span class='ocrx_word' id='word_1_764' title='bbox 1249 5498 1361 5570; x_wconf 77' lang='lat' dir='ltr'><strong>Jejuuit&#39;</strong></span> <span class='ocrx_word' id='word_1_765' title='bbox 1373 5500 1458 5554; x_wconf 83' lang='lat' dir='ltr'><strong>nestri</strong></span> <span class='ocrx_word' id='word_1_766' title='bbox 1473 5505 1500 5554; x_wconf 87' lang='lat' dir='ltr'><strong>et</strong></span> <span class='ocrx_word' id='word_1_767' title='bbox 1514 5507 1721 5566; x_wconf 79' lang='lat' dir='ltr'><strong>precamuota.</strong></span> <span class='ocrx_word' id='word_1_768' title='bbox 1740 5498 1775 5554; x_wconf 88' lang='lat' dir='ltr'><strong>ld</strong></span> <span class='ocrx_word' id='word_1_769' title='bbox 1789 5502 1850 5571; x_wconf 82' lang='lat' dir='ltr'><strong>est,</strong></span> <span class='ocrx_word' id='word_1_770' title='bbox 1863 5496 1981 5556; x_wconf 80' lang='lat' dir='ltr'><strong>devotas</strong></span> 
     </span>
     <span class='ocr_line' id='line_1_169' title="bbox 1137 5568 1999 5643; baseline -0.007 -15"><span class='ocrx_word' id='word_1_771' title='bbox 1137 5570 1297 5628; x_wconf 85' lang='lat' dir='ltr'><strong>oblationes</strong></span> <span class='ocrx_word' id='word_1_772' title='bbox 1307 5570 1410 5643; x_wconf 85' lang='lat' dir='ltr'><strong>jejunii</strong></span> <span class='ocrx_word' id='word_1_773' title='bbox 1424 5568 1509 5625; x_wconf 83' lang='lat' dir='ltr'><strong>vestri</strong></span> <span class='ocrx_word' id='word_1_774' title='bbox 1522 5573 1550 5624; x_wconf 88' lang='lat' dir='ltr'><strong>et</strong></span> <span class='ocrx_word' id='word_1_775' title='bbox 1565 5584 1693 5640; x_wconf 80' lang='lat' dir='ltr'><strong>precum.</strong></span> <span class='ocrx_word' id='word_1_776' title='bbox 1998 5616 1999 5641; x_wconf 57' lang='lat'><strong>,</strong></span> 
     </span>
    </p>

    <p class='ocr_par' dir='ltr' id='par_1_112' title="bbox 1138 5638 1999 5786">
     <span class='ocr_line' id='line_1_170' title="bbox 1173 5638 1999 5721; baseline -0.001 -23"><span class='ocrx_word' id='word_1_777' title='bbox 1173 5642 1236 5698; x_wconf 78' lang='grc'><strong>385.</strong></span> <span class='ocrx_word' id='word_1_778' title='bbox 1249 5642 1366 5699; x_wconf 79' lang='lat' dir='ltr'><strong>Nostris</strong></span> <span class='ocrx_word' id='word_1_779' title='bbox 1379 5640 1548 5712; x_wconf 73' lang='lat' dir='ltr'><strong>fatigamur</strong></span> <span class='ocrx_word' id='word_1_780' title='bbox 1562 5640 1689 5711; x_wconf 70' lang='lat' dir='ltr'><strong>offensis.</strong></span> <span class='ocrx_word' id='word_1_781' title='bbox 1703 5638 1817 5711; x_wconf 73' lang='lat' dir='ltr'><strong>latest,</strong></span> <span class='ocrx_word' id='word_1_782' title='bbox 1826 5642 1868 5715; x_wconf 69' lang='lat' dir='ltr'><strong>ab</strong></span> <span class='ocrx_word' id='word_1_783' title='bbox 1878 5638 1999 5721; x_wconf 51' lang='lat' dir='ltr'><strong>ephotar</strong></span> 
     </span>
     <span class='ocr_line' id='line_1_171' title="bbox 1138 5711 1672 5786; baseline -0.007 -16"><span class='ocrx_word' id='word_1_784' title='bbox 1138 5718 1239 5770; x_wconf 85' lang='lat' dir='ltr'><strong>nostra</strong></span> <span class='ocrx_word' id='word_1_785' title='bbox 1252 5711 1432 5786; x_wconf 88' lang='lat' dir='ltr'><strong>corripimur,</strong></span> <span class='ocrx_word' id='word_1_786' title='bbox 1447 5716 1476 5768; x_wconf 86' lang='lat' dir='ltr'><strong>et</strong></span> <span class='ocrx_word' id='word_1_787' title='bbox 1490 5712 1672 5786; x_wconf 78' lang='lat' dir='ltr'><strong>percutimur.</strong></span> 
     </span>
    </p>
   </div>
   <div class='ocr_carea' id='block_1_21' title="bbox 0 0 2036 6180">
    <p class='ocr_par' dir='ltr' id='par_1_113' title="bbox 0 0 2036 6180">
     <span class='ocr_line' id='line_1_172' title="bbox 0 0 2036 6180; baseline 0 0"><span class='ocrx_word' id='word_1_788' title='bbox 0 0 2036 6180; x_wconf 95' lang='lat' dir='ltr'><strong> </strong></span> 
     </span>
    </p>
   </div>
  </div>
 </body>
</html>
