4136 6180
7 3182 9 3215 Ι

7 3306 9 3339 l

117 232 168 306 in
495 188 499 197 ¹
773 240 880 311 inan
900 242 1156 314 impensius.
1346 220 1370 289 ἶ
1577 286 1580 293 ν
1759 262 1815 332 iii

115 444 219 515 puleio.
236 448 311 516 ttesp.
330 449 397 502 hece
417 447 535 504 vicitleo
552 449 586 503 de
601 450 675 504 trihu
690 452 773 516 tuda,
791 454 869 508 radix
883 455 936 508 Da·

116 517 169 577 rid,
179 516 290 586 aperire
302 517 452 580 librum,et
464 520 573 574 solvere
584 526 693 591 septem
704 523 849 595 signacula
862 526 934 607 ejus,

117 585 239 649 alleluia,
251 587 376 653 alleluia,
391 590 514 645 alleluia.
545 590 617 647 Vens.
634 597 666 647 Et
679 611 752 648 nnus
768 596 802 650 de
819 597 937 651 seniori·

115 657 162 711 hiis
176 658 249 711 dixit
262 659 350 717 mihi:
365 662 405 715 Ne
419 661 539 725 fleveris,
557 663 659 735 dignus
670 670 712 719 est
724 668 821 737 dgnus
831 668 880 738 qui
891 684 936 721 oc·

115 728 184 783 cisns
198 734 242 783 est
254 731 382 799 accipere
395 737 579 801 postestatem
596 739 625 788 et
643 736 852 801 fortitudinem,
869 739 936 794 alle·

115 799 177 854 lala.
194 802 276 871 Hesp.
291 801 337 856 lsti
351 805 491 874 suntagni
506 805 608 859 novelli
620 806 668 876 qui
681 810 934 873 annuntiaverunt,

117 870 238 935 alleluia,
254 874 341 925 modo
355 880 495 930 venerunt
507 877 543 929 ad
561 876 663 942 fontes,
681 880 779 950 repleti
799 886 866 935 sunt
879 881 936 935 cla·

115 940 206 1005 ritate,
220 942 347 1007 alleluia,
361 944 484 1000 alleluia.
508 946 577 1000 t'eis.
596 949 664 1003 Ecce
685 952 827 1029 pracedat
842 969 890 1005 vos
906 951 935 1005 in

116 1012 281 1084 Galilaeam3
296 1015 334 1069 ihi
350 1030 414 1070 enm
433 1017 563 1071 videbitis
577 1018 650 1073 sicut
664 1021 737 1075 dixit
752 1022 838 1077 vohis.
852 1023 934 1077 llodo

115 1081 143 1136 in
157 1100 273 1138 omnem
303 1091 420 1143 terram.
436 1094 467 1141 nt
481 1105 542 1159 sup.
559 1092 640 1160 Itesp.
669 1092 708 1145 De
723 1109 773 1146 ore
788 1093 936 1163 prudentis

115 1155 238 1224 procedit
254 1156 321 1218 mel,
338 1157 428 1227 788
444 1158 558 1213 alleluia
571 1176 577 1221 3
592 1161 711 1216 dulcedo
723 1164 815 1219 mellis
829 1169 872 1218 est
882 1165 934 1218 lin·

151 1227 252 1297 aejiis,
269 1226 384 1282 alleluia
399 1245 404 1282 ι
421 1229 501 1283 lasus
525 1231 666 1287 distillans
685 1233 760 1290 labia
779 1236 851 1317 ejus,
867 1236 923 1290 alle

114 1241 180 1363 hh,
188 1295 316 1354 alleluia.
328 1298 402 1353 Veis.
410 1301 601 1364 Quamdnlcia
610 1302 935 1377 laucibnsmeiseloquia

114 1372 169 1434 tua,
187 1368 320 1434 Domine,
332 1386 417 1441 super
427 1371 483 1427 mel
493 1377 522 1427 et
537 1373 634 1428 savum
647 1375 676 1430 in
687 1393 737 1431 ore
748 1393 823 1433 meo.
833 1379 932 1434 Parus.

409 1466 444 1521 ln
467 1467 628 1540 Eeonyeti'o.

141 1562 209 1616 Ant.
226 1562 260 1616 Et
273 1566 430 1619 recordatae
438 1568 664 1624 suntierhoruin
672 1571 744 1643 ejus,
758 1575 933 1644 etregressas

109 1640 325 1689 amonumento
342 1635 546 1692 nuntiaverunt
556 1638 614 1695 liaeo
629 1641 723 1697 omnis
731 1642 787 1698 illis
799 1646 932 1701 undecim

106 1708 133 1759 et
143 1705 254 1760 eaeteris
270 1708 416 1771 omnibns,
434 1708 560 1764 alleluia.

417 1804 463 1858 Ad
479 1804 618 1877 Vesperos.

138 1897 215 1954 Post.
233 1898 310 1955 Prot.
328 1914 371 1956 cxi
385 1899 513 1958 alleluia.
531 1903 568 1960 Te
592 1904 672 1962 decet
691 1908 830 1979 Hymnus,
845 1911 929 1979 Deus,

7 2014 8 2037 ,
109 1967 184 2025 l'ers.
204 1972 233 2026 i.
253 1971 447 2041 lteplebimnr.

411 2061 443 2115 ln
460 2061 619 2133 Eonnyetio.

138 2148 201 2203 Ant.
216 2147 318 2203 llittite
328 2148 357 2202 iii
371 2150 517 2206 dexteram
533 2154 637 2224 navigii
646 2161 716 2221 rete,
728 2162 756 2212 et
768 2158 928 2226 invenietis,

102 2216 229 2285 alleluia,
244 2218 412 2283 datatim„
426 2222 486 2277 itnr
497 2222 536 2278 od
554 2226 650 2295 sontes.
669 2228 741 2282 Post.
758 2231 862 2285 Psotm.
876 2247 929 2288 cxii

7 2356 8 2359 Ἴ
103 2289 577 2349 alleluia.ContiteminiDomino.
609 2297 718 2353 Verst
752 2300 871 2357 Caritate
884 2302 923 2360 ei.

101 2361 179 2415 llere.
190 2363 218 2414 2.
233 2361 413 2417 Laudamini.
427 2367 493 2418 Ant.
515 2366 585 2420 Dicit
600 2368 753 2439 discipulus
765 2388 849 2443 qiiem
865 2374 928 2428 dili-

102 2432 191 2502 gehat
204 2432 285 2487 lesus
300 2433 393 2498 Petro,
408 2435 546 2491 Dominus
562 2441 613 2509 est,
630 2439 758 2498 alleluia.

409 2524 443 2578 ln
460 2525 615 2597 Eeonpelio.

134 2610 205 2663 Doto
220 2612 315 2674 Orat,
331 2611 390 2666 itnr
405 2611 441 2665 od
454 2621 576 2669 sanctuni
590 2616 744 2677 Andrium.
768 2621 831 2676 Post
845 2623 920 2681 Psoi,

7 2724 8 2729 ,
99 2696 165 2735 cxiii
179 2679 359 2737 inchoantes.
375 2684 458 2754 Resp.
478 2685 541 2740 lirae
555 2686 625 2741 dies.
641 2689 678 2743 Et
695 2693 858 2761 respondent
872 2712 926 2749 ons-

97 2768 155 2813 nes,
169 2768 250 2821 quem
267 2752 334 2807 lecit
347 2754 494 2820 Dominus,
516 2773 546 2810 ns
564 2775 596 2812 ne
615 2759 644 2813 id
664 2760 756 2830 fineen.
774 2765 846 2822 Ant.
867 2767 925 2822 lloo

93 2823 160 2895 J'ain
172 2821 257 2877 tertio
270 2824 472 2880 manifestatus
488 2833 531 2883 est
547 2776 639 2897 iesus,
657 2837 808 2905 postquam
833 2852 925 2893 resur·

97 2893 173 2949 rexit
188 2910 205 2948 a
219 2895 349 2961 mortuis,
365 2895 493 2954 alleluia.

402 2984 488 3039 Penio
507 2987 615 3057 quintii,

134 3068 199 3124 Psoi
204 3116 210 3127 .
222 3071 352 3137 Domine,
361 3073 424 3143 quis
432 3073 581 3132 habitabit.
589 3078 666 3134 Psot.
676 3079 830 3141 Conserva.
841 3086 919 3144 Psoi.

99 3141 218 3207 Exaudi,
234 3143 362 3198 Domine.
379 3144 451 3199 Vera.
468 3148 558 3211 Quem
573 3150 685 3218 quernis,
702 3153 818 3210 mulier.
838 3157 919 3229 Resp.

100 3211 159 3280 Ego
174 3229 235 3267 snm
247 3214 312 3268 vitis
327 3232 404 3279 vera,
416 3220 444 3270 et
455 3234 503 3271 vos
512 3218 644 3287 palmites
655 3238 662 3283 3
677 3223 724 3292 qui
736 3227 924 3285 manetinme

104 3287 132 3335 ot
147 3299 197 3364 ego
209 3284 236 3337 iii
250 3301 327 3348 eum,
342 3285 387 3340 hie
400 3286 455 3367 leri
471 3288 593 3369 lrnotnm
606 3292 739 3359 multum,
750 3296 923 3376 alleluia,al-

103 3350 196 3408 leluia.
213 3356 286 3410 Vera.
309 3357 420 3412 hinnete
441 3374 470 3412 in
486 3360 638 3416 dilectione
654 3379 729 3427 moa,
743 3367 811 3421 dicit
827 3371 921 3425 Domi·

7 3434 9 3481 j
106 3426 229 3490 nasoni
245 3429 528 3499 manetltespianto
544 3438 671 3502 tompore
686 3436 831 3493 vobiscum
844 3458 919 3510 suin,

109 3497 192 3550 elnon
207 3498 379 3569 cognovistis
395 3516 449 3555 me.
466 3500 605 3572 Philippa,
624 3504 671 3574 qni
686 3506 762 3561 videt
775 3526 831 3573 me,
845 3512 921 3568 videt

110 3566 134 3617 et
146 3565 266 3631 Patrem,
283 3568 409 3625 alleluia.
421 3571 485 3625 lam
507 3574 622 3628 creditis
638 3576 703 3646 quia
718 3580 809 3648 egoin
827 3582 918 3650 Patre,

110 3639 132 3688 et
142 3635 222 3693 Pater
234 3639 262 3693 in
276 3643 388 3703 moesi,
401 3642 525 3703 alleluia.
543 3643 667 3701 alleluia.
690 3648 767 3704 Veis.
786 3652 917 3720 Domine,

109 3710 215 3764 ostende
230 3710 311 3765 nohis
325 3712 447 3775 Patrem.
459 3718 488 3768 et
499 3714 605 3770 sufficit
614 3718 703 3773 nobis.
716 3721 779 3776 Non
794 3725 916 3780 creditis.

108 3776 178 3849 asp.
194 3782 425 3852 Surrexitpastor
435 3784 580 3856 bonusqni
593 3788 721 3845 animam
731 3810 812 3849 suain
826 3796 920 3865 posuit

108 3862 153 3914 pro
166 3850 260 3906 ovibus
275 3852 343 3917 suis,
359 3859 388 3909 et
403 3871 454 3924 pro
466 3874 517 3911 sno
532 3875 617 3929 grege
633 3862 706 3915 mori
719 3864 852 3935 dignatus
865 3872 917 3935 est,

107 3915 220 3990 alleluia,
231 3922 357 3987 alleluia,
368 3925 493 3981 alleluia.
509 3930 581 3985 l'ers.
598 3932 727 3987 Surrexit
736 3936 871 3993 Dominus
883 3940 919 3996 de

106 3995 236 4061 sepulcro,
251 3995 298 4065 qni
322 4013 372 4066 pro
399 3998 480 4053 nohis
497 4002 632 4070 pependit
647 4003 676 4058 in
701 4003 791 4076 ligno.
821 4010 855 4063 Et
866 4027 917 4081 pro

105 4072 195 4133 grege.
398 4157 432 4211 In
452 4157 613 4230 Eneapelio.

139 4247 202 4303 Ant.
215 4250 300 4307 llario
314 4256 394 4308 stans
411 4255 448 4309 nd
472 4263 692 4314 nomomentom
708 4262 834 4332 plorans,
850 4266 921 4323 vidit

106 4318 230 4381 angelum
243 4323 270 4376 in
282 4324 354 4378 albis
367 4327 525 4395 sedentem,
539 4331 722 4387 etsudarium
737 4337 813 4405 quod
826 4337 921 4394 luerat

109 4400 188 4460 super
199 4397 281 4465 eaput
293 4396 370 4459 Jesu,
385 4395 511 4453 alleluia.

399 4495 446 4549 Ad
467 4496 606 4566 Vesperos.

136 4581 186 4638 Per
198 4588 331 4644 circulum
345 4590 446 4645 Psalm.
467 4594 586 4651 enmotl.
599 4595 691 4652 dicant
706 4605 731 4653 et
746 4601 824 4673 reliq.
842 4604 916 4677 llesp.

101 4649 162 4708 Dae
173 4657 229 4713 dies
240 4676 328 4732 qnam
344 4661 410 4717 feeit
424 4664 571 4720 Dominus.
588 4669 655 4722 Ant.
671 4671 808 4728 Tuleinnt
824 4676 918 4731 Domi-

99 4735 166 4805 num
182 4745 284 4795 meum,
299 4737 328 4787 et
340 4734 435 4788 neseio
450 4735 497 4789 nbi
514 4744 669 4806 posuerunt
680 4757 755 4796 euin.
773 4744 801 4798 Si
812 4749 842 4800 tii
857 4764 918 4803 sus-

99 4794 184 4852 tulisti
198 4817 270 4865 enin,
281 4803 367 4858 dicito
383 4805 463 4869 mihi,
480 4806 605 4872 alleluia,
619 4815 648 4865 et
661 4828 713 4882 ego
724 4830 789 4869 euin
805 4817 914 4884 tollam,

98 4862 219 4941 alleluia,
230 4873 351 4928 alleluia.
366 4880 432 4930 dat.
449 4877 630 4935 l'enitlllnria
644 4885 782 4940 nuncians
795 4888 917 4961 discipu·

98 4931 225 5004 listtlnia
240 4943 297 4998 vidi
310 4945 608 5013 Doiiiinnm‚allelnia.
619 4958 804 5013 dntdrdens
815 4965 917 5016 osteor

97 5020 201 5066 meum.
216 5015 345 5070 desidero
358 5017 453 5073 videre
467 5021 619 5076 Dominum
641 5041 747 5093 meum,
774 5047 871 5100 quaero
888 5037 916 5089 et

95 5090 152 5134 nnn
164 5081 273 5141 inienio
288 5087 337 5141 uhi
350 5096 506 5158 posuerunt
518 5109 594 5158 enm,
606 5094 733 5155 alleluia.

403 5186 488 5244 Parin
507 5198 595 5248 sesto.

127 5272 201 5335 Psoi.
222 5279 292 5338 coit
309 5289 458 5344 enarrant.
476 5287 553 5347 Prot.
569 5289 710 5348 Exaudiet
723 5296 752 5350 te
767 5296 914 5354 Dominus.

124 5438 136 5471 ⁸
150 5428 222 5503 Lege
233 5452 240 5493 2
254 5437 287 5488 Oi
298 5439 402 5509 οὐρανοὶ
418 5434 574 5511 διηγοῦνται
585 5439 670 5508 δόξαν
681 5453 757 5498 Θεοῦ·
767 5451 875 5508 ποίησιν
884 5446 915 5504 δι’

87 5493 183 5579 {sipon
197 5505 276 5559 αὐτοῦ
292 5505 423 5589 insepeliri
438 5515 467 5563 τὸ
497 5520 639 5588 στερέωμα.
660 5523 690 5572 ut
703 5525 794 5573 exstat
820 5521 848 5575 ln
864 5521 913 5577 Or·

86 5566 150 5626 dine
162 5574 240 5631 llam.
257 5594 274 5631 a
290 5580 369 5635 nobis
380 5595 611 5653 commemorato;
627 5588 729 5644 idest:
745 5590 820 5647 noti·
833 5608 912 5647 enor-

85 5646 279 5717 roniytortam
297 5651 357 5719 Dei,
377 5659 403 5707 et
427 5670 511 5727 opero
537 5674 667 5714 nwnnnm
680 5662 737 5731 ey'ns
757 5665 909 5720 annuntiat

82 5709 911 5883 Qniggiihhtyahioeonpitaipseytp,etaiottopnrp

7 408 9 423 .
115 372 185 430 Psoi.
202 372 277 429 Dixit
292 372 428 445 inspions.
457 374 531 431 Vera
551 378 678 433 Surrexit
692 379 830 436 Dominus
845 382 879 436 de
893 398 935 437 se·
954 385 975 445 Α
993 381 1069 437 Psoi.
1090 384 1221 449 Domine,
1236 384 1265 441 in
1282 388 1385 447 virtute
1399 395 1458 449 tna.
1479 393 1555 452 Veis.
1571 397 1639 452 Eece
1654 413 1705 470 ego
1719 401 1816 457 vobis-

992 470 1056 507 eum
1072 472 1150 512 suin.

1018 542 1115 666 (3189
1131 545 1310 617 Responsorio
1334 551 1363 604 in
1390 553 1464 623 serio
1489 555 1604 611 seeundo
1619 557 1700 613 istius
1724 560 1816 618 hebdo-

991 628 1015 666 in
1054 629 1087 668 ea.

1028 703 1104 771 ltesp.
1115 703 1204 759 llaria
1218 706 1396 788 llagdalena
1415 719 1446 766 nt
1458 730 1552 783 supro.
1575 715 1649 771 Vera.
1663 717 1724 773 Cito
1741 736 1813 775 eun·

990 774 1033 826 tes
1046 772 1130 828 dicite
1143 775 1297 847 discipulis,
1315 781 1392 852 llesp.
1407 783 1531 854 surgens
1545 787 1685 843 Dominus
1700 797 1809 847 noster.

997 844 1070 895 Veis.
1085 846 1214 901 Surrexit
1228 848 1365 905 Dominus
1380 852 1414 907 de
1441 860 1579 926 sepulcro.
1597 858 1674 928 hesy.
1688 861 1813 933 Congre-

991 915 1123 968 lnlamini
1151 917 1221 971 milii
1250 936 1362 978 omnes.
1389 925 1467 981 Veia.
1499 928 1635 982 inierunt
1659 932 1813 989 Dominum

990 1001 1101 1040 meum.
1120 988 1186 1041 dat.
1204 989 1273 1046 Ecce
1287 1010 1339 1063 ego
1357 996 1498 1051 vobiscum
1518 1015 1590 1061 suin,
1610 999 1734 1069 alleluia,
1752 1020 1813 1059 oni·

990 1056 1189 1125 nibusdiehus‚
1200 1060 1324 1126 alleluia,
1336 1066 1409 1121 Post.
1420 1068 1519 1123 Psiitin.
1532 1085 1575 1125 eiii
1587 1071 1714 1127 alleluia.
1728 1075 1813 1130 hieta-

989 1131 1035 1181 tns
1047 1143 1121 1181 suni.
1142 1130 1212 1184 Veri.
1225 1134 1338 1190 Stantes
1355 1144 1438 1192 erant
1452 1141 1536 1208 pedes
1550 1142 1649 1196 nostri.
1672 1144 1744 1199 Vera.
1759 1145 1811 1201 iio-

988 1202 1055 1323 ssate
1068 1215 1129 1268 quae
1144 1202 1180 1254 ad
1195 1218 1294 1271 pacem
1311 1213 1385 1261 sont.
1403 1212 1463 1263 Ant.
1482 1212 1620 1267 Unilecim
1636 1214 1764 1286 discipuli
1783 1218 1812 1272 in

1016 1268 1110 1323 alilaia
1126 1271 1252 1328 videntes
1279 1278 1430 1332 Dominum
1454 1283 1657 1354 adoraverunt,
1681 1287 1807 1345 alleluia.

989 1340 1062 1394 Doto
1077 1338 1165 1406 Orat,
1182 1343 1342 1401 descendunt
1357 1366 1417 1403 crim
1430 1351 1498 1406 Anti
1517 1354 1534 1405 a
1540 1398 1636 1413 ......
1656 1356 1733 1429 ltesp.
1746 1359 1813 1415 llaec

989 1410 1049 1465 dies
1064 1428 1152 1481 quain
1165 1414 1233 1469 lecit
1246 1417 1395 1475 Dominus.
1413 1423 1476 1477 Ant.
1494 1370 1619 1481 iiataost
1634 1428 1704 1482 mihi
1718 1430 1812 1486 omnis

914 1522 916 1527 .
988 1483 1328 1551 potestasineoeloetin
1352 1494 1439 1558 terra,
1455 1492 1583 1549 alleluia.
1613 1499 1645 1551 ln
1665 1515 1728 1568 poca
1752 1505 1811 1570 post

988 1552 1128 1607 Orationes
1142 1554 1301 1611 descendant
1313 1559 1348 1611 od
1362 1560 1462 1629 [orites.
1479 1563 1551 1619 Post.
1564 1567 1637 1621 Psnl.
1656 1584 1722 1623 cxiii
1738 1570 1810 1625 alle-

988 1622 1054 1677 lnia.
1073 1623 1124 1688 Qui
1140 1628 1298 1682 considunt.
1320 1629 1392 1683 Veis.
1411 1638 1433 1688 t.
1448 1634 1556 1691 Montes
1568 1636 1595 1690 in
1607 1639 1723 1694 circuitu
1737 1642 1809 1712 ejus.

992 1693 1069 1749 Vens.
1081 1697 1107 1748 2.
1119 1696 1153 1750 Ut
1164 1713 1220 1751 noii
1234 1701 1388 1756 extendant
1400 1704 1482 1773 justi.
1494 1708 1560 1761 diit.
1574 1708 1679 1764 Euntes
1688 1709 1716 1764 in
1729 1728 1812 1767 mnn-

948 1746 969 1805 Β
987 1766 1172 1827 dnm‚dooete
1183 1778 1401 1840 omnesgentes,
1418 1774 1593 1843 baptizantes
1610 1797 1668 1843 cos,
1683 1781 1809 1851 alleluia,

986 1834 1015 1889 in
1027 1837 1144 1891 nomine
1156 1839 1256 1905 Patris,
1269 1846 1296 1894 et
1307 1842 1380 1907 Filii,
1397 1849 1425 1898 et
1442 1846 1562 1915 Spiritus
1571 1850 1671 1913 sancii,
1680 1852 1805 1910 alleluia.

986 1913 1056 1962 Ant.
1071 1906 1147 1962 Dixit
1158 1910 1239 1965 lesus
1253 1911 1398 1982 discipulis
1413 1916 1490 1971 suis:
1508 1919 1611 1974 illicite
1626 1923 1660 1974 de
1686 1923 1811 1992 piscihus

985 1995 1056 2048 quos
1071 1980 1254 2049 prendidistis
1270 1998 1345 2038 nune
1356 2000 1363 2049 ;
1376 1987 1502 2042 aseendit
1516 1995 1613 2046 antem
1641 1992 1740 2046 Simon
1755 1994 1810 2049 Pe·

984 2056 1055 2175 ἕως,
1069 2062 1100 2174 εὖ
1111 2052 1198 2174 1111111
1211 2058 1271 2108 rete
1294 2053 1323 2109 in
1339 2059 1447 2112 terrain
1462 2059 1578 2129 plenum
1594 2064 1707 2134 magnis
1727 2064 1810 2136 pisci·

1003 2137 1046 2186 ns,
1063 2137 1079 2174 a
1103 2137 1188 2177 enia.

1317 2280 1321 2287 ,
1332 2223 1458 2282 salino.

1017 2316 1092 2372 Psnl.
1108 2318 1247 2375 Dominus
1261 2321 1334 2393 regit
1350 2339 1407 2379 me.
1425 2323 1498 2377 Ptol.
1523 2324 1637 2381 Domini
1657 2332 1700 2383 est
1714 2333 1803 2390 terra.

981 2388 1054 2441 Prot.
1071 2389 1237 2455 indicame,
1255 2391 1386 2457 Domine,
1403 2396 1541 2464 qnoniam
1554 2397 1663 2463 unicus,
1679 2401 1806 2469 alleluia,

980 2466 1011 2513 nt
1023 2476 1116 2530 supro.
1135 2460 1208 2515 Vera.
1225 2464 1361 2518 Tulernnt
1375 2466 1528 2521 Dominum
1546 2477 1693 2536 meamet
1711 2474 1806 2530 nescio

981 2530 1044 2584 nhir
1053 2536 1209 2601 posuerunt
1223 2550 1300 2599 enin,
1316 2535 1442 2601 alleluia,
1459 2538 1546 2603 allel,
1562 2541 1640 2599 allel.

979 2627 1157 2699 Responsorin
1169 2630 1354 2701 requiruntur
1368 2640 1442 2688 retro
1455 2642 1486 2690 nt
1502 2652 1587 2708 snpra
1598 2639 1627 2694 in
1638 2641 1800 2714 Econyelio.

1014 2730 1085 2781 itnt.
1102 2727 1198 2782 lesuin
1221 2727 1269 2799 qni
1295 2729 1445 2787 crucifixus
1460 2740 1502 2788 est
1516 2736 1652 2806 qnaeritis,
1669 2740 1799 2798 alleluia.

978 2799 1041 2852 h'on
1065 2802 1117 2858 est,
1147 2799 1268 2855 surrexit
1293 2801 1371 2857 enirn
1399 2804 1472 2859 sient
1485 2807 1554 2861 diiii
1566 2810 1656 2874 vobis,
1670 2811 1799 2870 alleluia.

978 2868 1041 2923 Post
1059 2869 1135 2925 Psol.
1164 2887 1222 2926 cxi.
1241 2871 1299 2929 All.
1328 2875 1447 2930 Caritate
1463 2877 1585 2933 Domino
1600 2881 1742 2937 canticum
1754 2902 1803 2939 no·

978 2957 1055 3003 vum,
1067 2940 1134 3010 qnia
1147 2942 1291 2998 mirabilia
1304 2944 1371 3000 lecit
1387 2947 1533 3004 Dominus.
1555 2949 1627 3006 Vers.
1644 2953 1748 3009 Notum
1765 2954 1777 3008 i
1795 2986 1802 2996 ·

978 3010 1016 3065 eit
1033 3012 1169 3067 Dominus
1183 3014 1309 3070 salutare
1334 3034 1428 3083 sunm,
1455 3018 1485 3074 in
1509 3027 1660 3093 conspectu
1674 3027 1804 3097 gentium

979 3082 1118 3137 revelabit
1128 3084 1272 3156 justitiam
1288 3104 1383 3145 suain.

1280 3185 1314 3238 ln
1335 3187 1496 3258 Eeunyetio.

1012 3279 1081 3333 Ant.
1097 3278 1190 3335 Gavisi
1202 3285 1268 3335 sunt
1285 3282 1425 3353 discipuli,
1443 3285 1569 3351 alleluia,
1595 3288 1654 3345 viso
1670 3292 1802 3360 Domino,

977 3348 1103 3405 alleluia.
1116 3352 1184 3405 Doto
1196 3352 1276 3407 Orat.
1284 3393 1292 3420 ‚
1304 3353 1462 3409 descendant
1475 3357 1510 3410 nd
1533 3360 1632 3429 sontes.
1645 3363 1708 3419 Post
1722 3366 1798 3424 Psnl.

976 3437 1043 3477 oxii.

1011 3492 1041 3545 lu
1057 3491 1164 3555 Graec,
1179 3491 1317 3547 alleluia·
1335 3494 1439 3565 yorinu
1461 3498 1582 3569 degente
1606 3503 1698 3557 doxon
1724 3506 1800 3577 teupi

974 3578 1036 3617 esse
1050 3561 1188 3617 detheron
1204 3569 1299 3618 nutem
1315 3567 1479 3637 angelithon
1492 3578 1632 3627 stercona.
1644 3575 1709 3627 dat.
1725 3577 1801 3631 dcci-

974 3632 1032 3703 pite
1047 3631 1177 3701 spiritum
1194 3640 1326 3690 sanctum
1340 3652 1346 3702 ;
1358 3655 1480 3707 qnorum
1497 3642 1662 3698 roiiiiseritis
1673 3650 1800 3714 peccata,

972 3703 1160 3759 remittuntur
1174 3704 1224 3768 eis,
1242 3707 1364 3773 alleluia,
1378 3708 1475 3779 alisque
1489 3713 1562 3765 l’sul.
1579 3728 1654 3768 cxiii.

1010 3776 1063 3829 Pro
1085 3775 1212 3830 Versibus
1230 3783 1256 3832 et
1273 3778 1424 3846 Responsio,
1436 3797 1453 3833 n
1465 3782 1567 3837 Posolin
1584 3801 1666 3856 usqne
1677 3787 1707 3839 in
1722 3787 1801 3843 Oeta·

972 3863 1042 3913 enni,
1054 3846 1089 3899 od
1103 3846 1232 3903 Tertium.
1247 3848 1364 3917 Sectam,
1382 3850 1537 3923 Nonninqne
1548 3857 1583 3911 ii.
1601 3857 1635 3912 G.
1651 3858 1716 3914 Hoc
1728 3859 1798 3925 dieS,

971 3925 1078 3998 ,uittam
1092 3920 1183 3989 prinin
1197 3920 1255 3973 aine
1273 3920 1357 3991 Kyrie
1373 3922 1493 3979 eleison.

1184 4017 1325 4072 Dnminieo
1337 4018 1441 4073 (letania
1452 4022 1579 4080 Paschae.

1008 4112 1086 4167 Psnl.
1105 4111 1207 4168 Beatus
1220 4114 1272 4183 vir,
1288 4132 1378 4187 nsqiie,
1407 4118 1538 4181 Domine,
1561 4119 1591 4174 in
1615 4120 1719 4179 virtute
1745 4128 1795 4182 tna

973 4183 1117 4238 sientnli'is
1130 4184 1274 4240 dominicis
1287 4188 1412 4243 noctibus
1425 4198 1570 4245 cnnnntnr.
1588 4193 1661 4248 Vera.
1676 4196 1799 4253 Juhilate

974 4256 1155 4317 Doo‚omnis
1177 4261 1266 4314 terra.
1303 4260 1376 4315 l'ers.
1409 4261 1529 4315 Caritate
1558 4264 1693 4321 Domino.
1717 4267 1795 4326 Vera.

974 4324 1126 4396 Nolillere‚
1144 4327 1247 4384 illaria.
1273 4331 1347 4385 Vens.
1367 4330 1455 4386 Dicite
1470 4330 1498 4385 iii
1519 4334 1696 4393 nationibus,
1720 4340 1793 4398 Vera.

975 4395 1113 4452 Dominus
1128 4399 1266 4469 regnavit,
1281 4402 1426 4457 decorem.
1445 4404 1498 4456 Isti
1504 4412 1567 4459 sant
1579 4407 1687 4463 dicendi
1701 4410 1731 4465 in
1745 4426 1800 4467 eni-

934 4467 957 4524 D
974 4468 1053 4523 nihns
1063 4468 1155 4523 diehns
1166 4487 1214 4538 per
1227 4476 1309 4525 totoni
1321 4471 1566 4532 Resurrectionem.

1009 4539 1188 4610 Responsnri’n
1200 4543 1384 4610 requiruntur
1395 4562 1413 4598 ο
1429 4545 1544 4606 Pascha.
1560 4564 1643 4619 nenne
1658 4551 1687 4604 in
1701 4557 1792 4609 oetan.

972 4610 1133 4679 Ipsosdehes
1146 4629 1333 4684 canerentque
1356 4614 1386 4668 in
1412 4622 1474 4671 tert.
1501 4617 1625 4676 hebdom.
1639 4622 1713 4678 Ant.
1732 4624 1797 4679 Post

972 4680 1108 4737 diesocto
1120 4683 1218 4756 jannis
1235 4684 1349 4748 clausiS,
1376 4685 1520 4758 ingressus
1547 4690 1695 4760 Dominus,
1724 4695 1797 4750 dixit

971 4752 1011 4807 eis
1026 4771 1031 4806 :
1047 4754 1102 4808 Pax
1132 4754 1220 4821 vohis,
1236 4755 1329 4819 allel,
1346 4756 1425 4812 allel.
1454 4763 1522 4815 Ant.
1545 4760 1600 4815 Pax
1626 4762 1717 4831 vohis,
1742 4783 1794 4838 ego

970 4840 1045 4891 suin,
1060 4825 1147 4879 nolite
1161 4825 1272 4890 timore,
1290 4826 1415 4893 alleluia,
1431 4828 1558 4886 alleluia.

1111 4923 1158 4977 Ad
1175 4923 1316 4993 Vesperies,
1338 4924 1482 4980 Dominico
1497 4928 1528 4981 i'n
1548 4929 1645 4987 Albis.

1004 5019 1077 5073 roo.
1091 5020 1237 5084 Paolniox,
1250 5021 1324 5075 allel.
1337 5022 1350 5063 b
1364 5023 1581 5081 DenthaGalloa
1590 5028 1694 5084 southa
1703 5029 1793 5103 890

970 5089 1060 5145 heiria
1075 5090 1131 5145 alla
1147 5093 1306 5148 laxniiiente
1322 5093 1440 5148 theotho
1466 5096 1551 5151 soteri
1579 5115 1681 5169 yinon.
1713 5104 1789 5160 Vera.

969 5160 1136 5216 Protasome
1164 5180 1335 5234 propasome
1363 5165 1572 5237 theopropason
1600 5177 1793 5229 autuonsomo

969 5231 1109 5302 logificen.
1130 5234 1203 5289 Vera.
1219 5238 1236 5288 2
1251 5235 1402 5292 Othithens
1415 5240 1619 5311 megasterrius
1634 5243 1793 5316 hehebasy-

969 5319 1067 5375 megas
1082 5321 1224 5377 orypason
1237 5307 1323 5380 tingis
1338 5312 1503 5369 etmenden.
1530 5312 1657 5370 Allelnin
1669 5317 1794 5385 seqnitur

968 5459 1025 5522 Θεῷ
1034 5460 1070 5523 τῷ
1082 5460 1181 5530 σωτῆρι
1191 5456 1275 5527 ἡμῶν.
1285 5458 1435 5531 Πραφθάσω
1458 5478 1481 5510 ιν
1490 5464 1518 5512 τὸ
1528 5465 1667 5535 πρόσωπον
1675 5458 1755 5514 αὐτοῦ
1767 5460 1791 5513 is

967 5522 1151 5596 ἐξομολογήσει
1163 5527 1207 5578 καὶ
1222 5526 1247 5578 iii
1260 5526 1375 5600 ψαλμοῖς
1388 5478 1553 5601 &lagationes
1573 5531 1653 5600 αὐτῷ’
1669 5533 1709 5584 ὄτι
1725 5535 1790 5596 Θεὸς

999 5612 1046 5667 yae
1058 5600 1148 5666 κύριος
1160 5603 1205 5650 καὶ
1220 5596 1342 5671 βασιλεὺς
1354 5604 1434 5672 μέγας
1444 5599 1486 5653 ἐπὶ
1500 5608 1586 5653 πᾶσαν
1600 5605 1646 5661 τὴν
1657 5611 1716 5671 γῆν.

979 5667 1068 5723 dest:
1101 5669 1376 5741 Veniteeasnttenins,
1392 5677 1456 5738 eto,
1473 5687 1560 5746 usqua
1571 5679 1597 5728 et
1613 5673 1789 5748 Reainoynna
1838 5708 1841 5719 ι

965 5752 1048 5812 snper
1061 5756 1163 5798 omnem
1178 5748 1292 5798 terrain.
