4084 6202
241 279 278 340 ta
707 276 899 352 PRAEFATIO
918 276 956 337 lN
976 273 1113 339 tisana
1133 273 1472 343 armantarmant.
1613 227 1616 234 Ι
1905 284 1941 348 tt

241 411 341 473 trabit,
354 414 384 465 tic
398 409 503 480 quanti
513 424 576 465 rem
592 409 720 467 eamdem
734 413 904 473 aestimares,
921 414 948 465 et
962 407 1092 479 propriis
1111 409 1178 463 olim
1195 408 1311 480 ingenii,
1327 410 1467 468 doctrina
1481 417 1508 468 et
1522 412 1577 468 reli
1596 415 1790 469 monumentis
1804 415 1891 471 editis
1904 418 1942 472 si·

239 486 350 538 militer
362 483 499 550 probasti.
515 488 548 537 Sl
560 490 669 551 partein
680 497 738 537 suu
750 486 960 552 iiiapiiiluiliius
972 480 1128 550 (leoparius
1142 480 1251 534 inuenit
1267 498 1295 535 ia
1306 486 1389 537 cultu
1404 483 1506 538 diuino
1516 490 1542 539 el
1550 486 1729 539 ceremoniis
1741 485 1939 544 Cliristiaaam

239 554 410 624 retipionem
424 554 650 618 illustrantibus,
666 570 737 623 quas
751 554 887 623 dignitate
906 554 1022 616 actulit,
1048 550 1241 605 concinnitate
1254 552 1407 622 decorauit,
1422 557 1572 611 sanctione
1588 558 1732 622 benivoli,
1748 562 1779 611 tu
1795 574 1828 612 ce
1846 559 1942 616 eodem

239 625 341 680 diuino
354 626 436 679 cultu
454 640 511 679 non
526 640 680 680 minimam
693 633 806 693 partam
818 624 982 691 splendores
993 624 1207 692 adpurpuram
1219 628 1297 678 luam
1313 626 1484 695 adiudicati,
1499 635 1598 681 eueniet
1613 627 1706 681 liosles
1717 628 1867 684 illiasnnn
1883 647 1942 687 ano

239 704 323 751 mado
336 696 512 763 repressisti,
528 704 555 751 el
571 698 741 752 timoratius
751 696 882 750 doctrina
896 702 921 750 et
932 700 1042 762 pietate
1060 696 1320 763 praestantissimos
1342 706 1389 751 tao
1405 699 1527 752 eonsslio
1542 712 1573 751 tit
1593 698 1882 757 adiiciaistiatloiiem
1898 704 1943 757 rei

238 767 455 822 Eccleaastieae
461 770 636 837 promovisti,
652 774 677 823 el
690 769 722 822 in
733 768 804 835 ipsis
814 768 989 833 teriiplorum
1000 765 1208 833 ulcerosissimis
1220 767 1484 838 augustinianisque
1491 767 1617 837 adificiis
1628 783 1796 826 ieiunorium
1807 780 1890 829 tuum
1901 774 1942 830 ad

239 846 432 894 eternitatem
445 839 660 893 eomiiiendasli.
677 839 807 908 lienique
820 838 846 892 si
857 853 900 892 ine
910 844 1074 892 ascetarum
1086 836 1221 891 ultimum
1236 841 1279 891 uel
1294 839 1443 908 paulisper
1456 842 1585 904 attendo,
1602 855 1668 893 cuin
1681 841 1734 893 siin
1749 847 1811 910 ejus
1825 860 1939 915 compre·

238 908 365 980 patients
379 911 513 964 alumnus
527 924 592 980 quie
602 916 720 965 tesuum
731 909 1108 977 iiistauratoreinupnoscil,
1124 908 1251 978 quassub
1263 909 1411 977 auspmciis
1421 910 1479 965 tuis
1496 926 1643 980 ceurennum
1657 914 1853 968 nonsecuntlis
1864 931 1939 972 naua

238 980 364 1051 quotidie
379 982 561 1036 incrementa
574 981 698 1050 suscipit,
715 986 855 1036 aestatum
865 979 916 1034 sub
931 988 980 1034 tua
989 980 1162 1033 auctoritate
1172 980 1307 1035 bactensis
1318 987 1410 1035 tutum
1421 980 1556 1048 obtinuit,
1573 997 1611 1037 ee
1622 989 1673 1037 tua
1685 982 1870 1039 beniuolentia
1885 989 1939 1055 lta·

239 1059 350 1108 recitem
366 1051 462 1117 babet,
478 1066 516 1107 ee
529 1053 733 1120 tualeticitale
745 1052 947 1121 propemodum
964 1050 1078 1105 beatum
1088 1059 1198 1118 sperat.
1216 1050 1273 1106 Cui
1288 1052 1414 1108 laborem
1429 1053 1505 1107 bunc
1519 1053 1752 1124 qualerrieunque
1762 1070 1852 1108 ineam
1866 1062 1938 1125 aele-

237 1137 302 1179 ram
320 1126 425 1192 potiori
443 1127 513 1193 jure
539 1138 626 1194 quam
646 1123 709 1177 tilii.
735 1126 900 1179 cardinalis
928 1121 1163 1185 emineiitissime,
1190 1122 1239 1191 qui
1262 1126 1301 1176 ad
1317 1128 1435 1179 caeteros
1459 1131 1521 1179 tuas
1550 1125 1650 1180 laudes
1666 1124 1745 1179 istud
1767 1127 1882 1195 adjicis,
1907 1135 1939 1182 ut

237 1194 479 1266 quemadmodum
485 1194 627 1264 (drepanio
639 1195 704 1250 bute
716 1200 814 1250 nostro
822 1194 1045 1261 nibltparvuin,
1055 1192 1133 1247 iiilul
1146 1192 1297 1263 indignum
1307 1197 1368 1250 suis
1377 1194 1486 1265 insulis
1498 1194 1657 1264 arctabatur,
1672 1210 1692 1265 q
1703 1196 1750 1250 iod
1761 1196 1939 1255 Cbiisti'ance

234 1265 339 1336 pietati
353 1267 556 1333 suadereque
568 1280 657 1336 neque
670 1274 721 1321 lua
738 1265 892 1321 eminentia
903 1280 938 1320 ea
951 1280 1015 1334 qua
1029 1263 1071 1320 oet
1086 1263 1201 1319 minino
1213 1265 1324 1319 censeri
1345 1270 1474 1334 possunt,
1489 1270 1515 1322 si
1526 1267 1685 1337 depietatis
1705 1269 1791 1335 sonte
1812 1271 1938 1339 proficis·

236 1343 355 1406 eunlur‚
369 1351 496 1405 respuis.
509 1338 600 1402 Quone
615 1344 642 1392 ει
656 1338 711 1393 liae
722 1352 829 1391 munus
839 1335 1198 1405 lenteniacumeraqueead
1212 1351 1376 1406 purpuram
1391 1343 1472 1392 luam
1484 1338 1655 1407 deseruntur
1665 1337 1813 1394 benevolus
1824 1343 1935 1410 accipe,

236 1415 379 1480 tanquam
397 1407 559 1478 symbolum
575 1407 784 1478 magnitudinis
799 1414 857 1464 tute
878 1421 913 1464 eu
939 1412 1061 1461 auctore
1085 1408 1206 1475 Manno,
1230 1407 1285 1461 zeli
1308 1410 1350 1462 tui
1378 1422 1416 1464 ea
1439 1416 1563 1465 materia
1581 1423 1647 1472 sua,
1658 1411 1851 1478 gratitudinis
1871 1428 1937 1468 uero

235 1480 468 1551 conpregotioiu's
483 1479 682 1537 benedictina
696 1493 733 1535 cii
747 1483 977 1536 commentatore
986 1492 1046 1541 sao,
1061 1477 1225 1534 cotinentiae
1241 1484 1295 1532 lua
1308 1478 1490 1535 deuotusimo
1504 1480 1554 1535 Fr.
1571 1480 1687 1535 aaroni
1699 1480 1829 1546 Marino,
1850 1481 1936 1539 Bine-

235 1550 359 1609 dictitia

522 1818 586 1907 D.
625 1814 913 1912 flabonis
943 1812 1239 1907 mannam
1279 1816 1646 1912 PRAEFATIO.

820 1994 867 2049 ΑΙ)
879 1994 1012 2051 LIBRUM
1022 1992 1347 2052 SACRAMENTORUM.

267 2154 375 2225 Pignus
385 2154 501 2207 ιειειιιιε
516 2147 627 2214 salutis,
640 2149 669 2202 ct
684 2144 792 2202 amoris
806 2144 849 2201 sui
864 2142 1002 2217 perpetui,
1018 2143 1140 2200 candide
1152 2142 1249 2208 lector,
1262 2160 1365 2216 corpus
1380 2149 1408 2201 et
1418 2146 1588 2220 sanguinem
1601 2162 1684 2201 saum
1707 2145 1834 2202 Christus
1866 2148 1931 2221 jam

231 2226 291 2298 jam
307 2223 464 2278 moriturus
479 2236 538 2276 suae
554 2218 673 2274 tradidit
688 2217 827 2273 Ecclesiae.
841 2218 876 2272 Se
892 2223 985 2271 totum
996 2217 1072 2286 quod
1083 2220 1146 2272 erat
1158 2216 1246 2275 dedit.
1260 2221 1290 2270 ut
1301 2221 1434 2272 cumtoto
1445 2220 1682 2289 sauguinetotum
1695 2216 1723 2271 in
1738 2234 1789 2273 uos
1804 2218 1931 2277 aliunde-

229 2303 274 2354 ret
286 2310 426 2351 amorem.
439 2294 496 2347 Nec
510 2290 667 2346 satisdaxit
678 2288 745 2344 sein
760 2294 865 2343 nostrie
881 2287 1087 2359 redemptionis
1096 2286 1219 2356 pretium
1232 2287 1261 2341 in
1272 2303 1323 2342 are
1333 2289 1424 2344 crucis
1438 2290 1514 2343 Patri
1528 2306 1578 2344 suo
1593 2288 1783 2360 omnipotenti
1812 2292 1927 2357 otierre,

229 2366 284 2424 nisi
299 2383 329 2422 se
341 2363 536 2449 quotidieipse
549 2364 682 2417 sacerdos
692 2365 721 2415 et
734 2359 828 2414 hostia
842 2375 891 2430 per
905 2361 1087 2414 saiterdotum
1099 2357 1290 2413 ministerium
1304 2358 1426 2423 otlerret,
1441 2377 1497 2415 non
1509 2361 1624 2431 quidem
1634 2360 1663 2413 in
1673 2376 1728 2414 uno
1742 2366 1827 2416 terrae
1842 2378 1930 2434 angu-

229 2439 268 2509 lo,
284 2439 378 2494 sedin
394 2436 527 2491 universo
541 2438 624 2487 terrae
637 2431 745 2487 ambitu
756 2433 841 2503 juxte
853 2430 940 2485 loelis
954 2428 1147 2501 prophetiam,
1159 2431 1241 2501 cujus
1256 2429 1360 2485 veritas
1377 2436 1406 2485 et
1427 2435 1566 2486 certitudo
1580 2430 1746 2502 quotidiana
1759 2437 1838 2501 patet
1848 2449 1931 2503 expe·

227 2510 346 2567 rientia.
370 2507 518 2578 Siquidem
534 2521 567 2560 ex
581 2519 637 2575 quo
652 2501 823 2557 sacrificium
839 2501 913 2556 istud
927 2502 1147 2565 institutumest‚
1158 2518 1208 2571 per
1226 2501 1388 2556 universum
1403 2504 1501 2558 orbem
1518 2502 1575 2556 hnc
1585 2502 1833 2573 bostianunquam
1843 2503 1928 2558 desti·

228 2581 419 2639 titimmolari
437 2599 443 2641 ;
457 2583 486 2635 et
498 2592 628 2648 quamvis
644 2575 756 2629 diverso
768 2573 834 2637 ritu,
852 2589 896 2628 res
909 2578 1006 2628 tamen
1018 2572 1079 2641 ipsa
1095 2588 1128 2626 ac
1142 2575 1245 2626 ceritas
1256 2588 1370 2643 semper
1380 2573 1550 2628 inconcussa
1566 2574 1733 2643 permansit.
1744 2572 1867 2628 Dil'licile
1886 2580 1930 2630 est

228 2654 303 2710 enim
319 2665 484 2707 universum
499 2650 598 2703 orbem
613 2646 643 2701 iii
657 2648 772 2701 eosdem
786 2644 858 2699 ritus
873 2650 901 2699 at
911 2643 1099 2700 caeremonias
1111 2643 1286 2713 conspirare,
1302 2645 1433 2715 quamvis
1445 2645 1507 2713 ipsa
1518 2645 1586 2699 tides
1598 2646 1704 2699 rituum
1717 2643 1879 2700 diversitate
1889 2646 1929 2701 la·

226 2725 367 2782 belactari
382 2737 439 2777 non
454 2722 553 2792 possit.
571 2720 637 2773 llaee
653 2723 751 2771 tamen
766 2716 916 2771 diversitas
932 2714 1240 2779 multisretrosieculis,
1257 2716 1355 2769 multis
1371 2716 1399 2769 in
1412 2716 1783 2787 regionibusacpriesertim
1793 2717 1927 2782 occiduis,

227 2814 292 2868 quae
302 2798 366 2868 iam
383 2793 494 2865 pridem
510 2791 673 2845 Romanuin
687 2787 863 2843 celebrande
875 2787 964 2841 Missas
978 2786 1108 2840 ordinem
1123 2786 1373 2857 ιιιιιριειιιιεεειιιιι,
1392 2787 1658 2858 videturabrognta.
1669 2787 1696 2840 ld
1706 2787 1774 2840 olim
1790 2786 1883 2843 luerat
1897 2789 1926 2843 in

227 2866 526 2939 hispaniatentatum.
535 2863 609 2916 Nam
621 2860 790 2914 Profuturus
806 2857 987 2913 Bracarensis
997 2857 1123 2928 pontil'ex
1136 2858 1277 2912 rationem
1289 2859 1466 2913 celebrandas
1480 2859 1572 2913 ilissie
1579 2861 1663 2930 Juxta
1675 2859 1836 2912 Romanum
1852 2859 1926 2914 ordi·

226 2956 294 2995 nem
309 2956 327 2993 a
340 2938 407 2993 sede
421 2933 577 3006 apostolica
589 2934 762 3002 susceperat,
774 2934 803 2984 ct
816 2931 868 2983 sub
883 2929 1013 2984 Lucretia
1028 2928 1089 3000 ejus
1103 2944 1264 2983 successore
1279 2928 1308 2982 in
1324 2929 1443 2983 concilio
1458 2929 1623 2985 bracarensi
1640 2928 1743 2999 primo,
1759 2932 1836 3000 quod
1850 2947 1926 2986 anno

226 3010 331 3066 Christi
345 3010 488 3080 bbtJuxla
503 3003 644 3068 Garsiam,
660 3003 702 3057 vel
716 3002 769 3056 563
785 3001 869 3073 juxta
884 3002 1050 3063 Biennium,
1064 3000 1194 3054 habitum
1207 3003 1259 3064 est,
1274 3016 1336 3053 can.
1350 3002 1393 3053 ιι.
1410 3002 1557 3055 decretum
1573 3000 1682 3055 l‘aerat:
1697 3001 1730 3057 Ut
1746 3002 1831 3055 eadem
1851 3002 1927 3057 ordi·

225 3099 259 3139 ne
270 3082 363 3138 Musa
371 3084 549 3142 umbrantur,
558 3076 739 3146 Profuturus,
747 3072 878 3143 quondam
891 3073 971 3144 bajus
985 3074 1202 3142 metropolitane
1215 3071 1344 3125 Ecclesia
1354 3088 1508 3142 epscopus,
1517 3073 1553 3128 ab
1565 3073 1625 3142 ipsa
1634 3071 1867 3138 apostolicaesedis
1876 3089 1928 3128 au-

224 3158 350 3210 ctoritate
364 3153 495 3222 scriptum
507 3156 632 3218 suscepit.
650 3144 789 3200 Nimirum
805 3159 853 3214 per
863 3146 953 3198 lotam
966 3142 1125 3207 Galliciam,
1139 3142 1219 3212 qu'us
1231 3142 1383 3212 provinciae
1398 3143 1452 3198 hoc
1474 3149 1536 3198 erat
1561 3141 1712 3197 concilium
1745 3159 1750 3195 :
1767 3144 1812 3199 cui
1828 3151 1926 3200 tamen

225 3216 702 3298 posteaconslitutioniperitissnm
711 3215 890 3271 lilozaiabum
899 3216 1131 3284 derogatumest,
1144 3212 1303 3283 quaeluitin
1313 3229 1362 3267 usu
1372 3218 1518 3283 perlatam
1529 3213 1696 3284 Hispaniam
1708 3216 1839 3285 usquead
1855 3222 1926 3272 tem-

223 3313 297 3371 pora
310 3292 438 3366 Gregorii
448 3292 496 3347 Vll
511 3287 653 3361 pontilicis
663 3286 793 3351 maximi,
806 3284 854 3356 qui
864 3302 925 3340 eam
939 3283 1087 3356 abrogavit
1096 3284 1237 3356 J‘ussitque
1253 3282 1393 3364 Hispanos
1402 3284 1533 3340 ordinem
1555 3284 1635 3356 sequi
1656 3284 1744 3339 llissae
1764 3286 1923 3353 itomanae5

224 3368 317 3426 Gallia
329 3382 395 3422 vero
410 3380 494 3419 suum
510 3362 577 3416 olim
587 3358 688 3415 babuit
699 3357 790 3413 Missae
804 3356 981 3412 celebranda
1001 3358 1097 3419 ritum,
1114 3356 1204 3409 donec
1218 3354 1266 3408 illo
1282 3354 1377 3425 Pipini
1394 3356 1468 3428 regis
1489 3354 1638 3428 diligentia
1654 3355 1813 3426 antiquato,
1833 3357 1924 3414 Missas

223 3442 362 3497 Romanis
377 3434 500 3504 suscepit
511 3429 807 3498 ordinem,utclurum
824 3425 1032 3497 estexepistola
1044 3425 1137 3481 Caroli
1148 3425 1229 3485 Catii
1244 3424 1426 3497 imperatoris
1441 3427 1597 3481 adalanum
1614 3427 1830 3484 Ravennatem:
1843 3429 1923 3485 Nam

219 3520 250 3568 et
263 3509 388 3582 usquead
401 3513 521 3578 tempora
534 3501 713 3559 abauioostri
721 3501 827 3571 Pipini,
838 3500 992 3555 Gallicane
1003 3500 1135 3554 boelesia
1145 3499 1227 3552 aliter
1239 3513 1328 3568 quain
1344 3499 1475 3555 Romana
1486 3505 1511 3552 et
1520 3500 1731 3555 Mediolanenses
1740 3500 1871 3556 licclcsia
1881 3516 1924 3556 ce-

223 3583 380 3638 lebrabant.
398 3578 479 3643 Quod
493 3573 581 3632 etiam
596 3578 695 3645 postea
707 3576 823 3626 cautum
840 3573 883 3625 est
893 3569 940 3625 lib.
955 3568 1103 3641 vGapitul.
1121 3567 1392 3625 GarolietLudovici
1404 3569 1574 3640 impp.,cap.
1591 3570 1643 3624 iii
1653 3590 1660 3625 :
1670 3569 1706 3626 Ul
1717 3571 1923 3641 unusquisque,

220 3655 366 3727 presbyter
379 3646 601 3705 llissamordine
613 3647 745 3702 ltomano
759 3658 821 3697 euin
828 3641 965 3698 sandaliis
978 3640 1108 3696 celebret.
1126 3640 1339 3710 confirmatque
1349 3640 1465 3696 Carolus
1473 3639 1585 3705 Catius,
1601 3640 1682 3710 epist.
1695 3641 1781 3695 citata
1790 3656 1795 3693 :
1805 3643 1853 3696 sed
1872 3658 1924 3698 iios

220 3726 395 3798 sequendam
409 3724 542 3777 ducimus
551 3719 710 3774 Romanam
718 3714 876 3770 Ecclesiam
889 3714 919 3767 i'n
927 3713 1084 3767 Missurum
1100 3712 1296 3768 celebratione.
1311 3711 1345 3764 Ει
1355 3712 1457 3766 merito
1467 3711 1724 3782 quidem,estenim
1736 3711 1858 3767 Ecclesia
1869 3714 1924 3768 lio·

222 3814 311 3853 suana
319 3795 444 3850 aliarum
460 3794 563 3851 mater,
573 3804 660 3858 quain
670 3801 770 3840 omnes
779 3785 841 3839 aliae
853 3783 960 3863 imitari
968 3781 1282 3863 debenteiquesubjici.
1305 3784 1497 3846 Quamobrem
1507 3799 1571 3837 cuin
1582 3781 1672 3837 ilissse
1681 3783 1819 3838 {iomanis
1830 3785 1922 3855 digni·

221 3872 312 3922 tatem
326 3862 464 3920 attentius
483 3864 652 3931 spectarem,
667 3857 696 3910 in
710 3866 835 3910 mentem
849 3854 935 3908 subiit
949 3869 1013 3908 eam
1030 3868 1080 3923 pro
1098 3852 1168 3906 virili
1183 3853 1425 3922 parteillustrare,
1440 3855 1565 3909 inanime
1585 3869 1651 3909 iero
1668 3855 1815 3910 occasione
1837 3861 1924 3911 nacta

221 3938 321 4009 optimi
333 3942 420 4006 atque
436 3928 619 3988 vetustissimi
635 3926 700 3981 libri
713 3928 966 3980 &aeramentorum
981 3922 1072 3979 sancti
1084 3923 1207 3994 Gregorii
1225 3939 1316 3993 papie,
1331 3923 1378 3994 qui
1395 3926 1478 4005 vulgo
1488 3925 1598 3980 lllissale
1608 3924 1699 3979 sancti
1720 3925 1801 3996 litigii
1817 3942 1923 3981 nuncu·

221 4014 326 4081 patur;
342 4007 457 4075 insuper
469 4003 505 4056 ad
525 4002 553 4055 id
564 3998 703 4071 impulsus
716 3996 800 4051 aniici
816 3996 965 4075 cujusdam
982 3992 1176 4073 precibus,qui
1184 4012 1230 4049 me
1242 3995 1345 4049 obnixe
1354 3996 1583 4065 rogavitutbune
1593 3996 1696 4051 librum
1710 3995 1739 4051 in
1754 3997 1844 4051 lucem
1856 4002 1922 4054 ede·

220 4097 293 4144 rem,
314 4095 366 4134 nec
375 4082 488 4130 tantuin
499 4073 661 4129 thesaurum
674 4085 736 4124 cuni
751 4066 920 4122 Christiania
930 4064 1075 4136 religionis
1087 4064 1235 4136 dispendio
1247 4065 1356 4121 diutius
1370 4066 1460 4122 latere
1472 4069 1608 4124 sinerem.
1628 4067 1677 4122 llic
1690 4070 1774 4139 igitur
1793 4069 1864 4124 liber
1877 4073 1922 4125 est

219 4152 397 4207 bibliothecis
414 4142 582 4201 aionasterii
594 4141 685 4196 sancti
702 4138 774 4194 Petri
789 4142 824 4193 de
836 4137 955 4192 (lorbeia
970 4137 999 4190 in
1014 4142 1143 4191 extrema
1158 4136 1295 4199 Picardia,
1316 4153 1398 4207 quem
1428 4139 1510 4211 vulgo
1527 4138 1621 4193 ierunt
1637 4139 1723 4194 luisse
1742 4139 1806 4193 oliui
1827 4140 1920 4196 saneti

220 4223 301 4295 Eligit
312 4220 507 4276 Noviomensis
520 4212 645 4285 episcopi
661 4210 780 4267 ltissale.
792 4209 897 4265 Namin
906 4210 991 4262 dorso
1004 4208 1516 4279 ejusdemCodicisscriptnmhabetur
1528 4209 1557 4264 in
1569 4210 1646 4264 bunc
1657 4211 1775 4265 modum
1790 4212 1921 4267 :Messala

220 4296 247 4350 S.
262 4293 365 4363 ta'lipii.
382 4291 437 4346 Sed
449 4288 526 4343 illius
541 4284 627 4340 tuisse
640 4299 729 4354 pauca
743 4282 872 4352 quisdam
888 4278 1091 4351 quaeineoilem
1107 4280 1209 4334 Codice
1222 4281 1413 4350 reperiuntur,
1430 4281 1587 4335 reclamare
1613 4285 1753 4348 videntur,
1786 4286 1817 4337 ut
1845 4281 1920 4339 fests

220 4364 311 4421 sancti
324 4360 455 4433 Projecti‚
471 4363 500 4413 ει
512 4355 603 4412 sancti
617 4353 718 4410 Leonis
730 4354 762 4414 ll,
778 4352 825 4423 qui
840 4351 949 4421 aliquot
969 4349 1053 4404 annis
1063 4355 1127 4420 post
1147 4349 1255 4404 obitum
1279 4351 1368 4407 sancti
1395 4351 1474 4422 litigii
1490 4351 1656 4406 floruerunt.
1679 4354 1776 4423 ltaque
1797 4352 1920 4408 urbitmr

219 4437 322 4492 librum
335 4435 449 4508 quidem
464 4432 710 4486 Sacrameatorum
724 4423 815 4478 sancti
831 4421 1046 4494 Gregoriipapoe
1064 4428 1071 4475 l
1088 4420 1156 4475 olim
1172 4428 1271 4477 sancto
1287 4421 1377 4493 litigio
1391 4422 1533 4494 abaliquo
1545 4424 1674 4477 Romano
1687 4423 1820 4494 pontifice
1830 4424 1919 4482 luisse

219 4509 432 4572 transmissum,
449 4504 497 4558 sed
513 4504 613 4572 postea
629 4497 839 4576 transcriptum,
857 4494 940 4564 cique
962 4492 1083 4563 paucula
1097 4493 1230 4562 quiedam
1245 4492 1343 4548 addita
1369 4494 1464 4558 fuisse,
1489 4498 1518 4548 et
1545 4509 1647 4547 nomen
1671 4495 1762 4549 sancti
1784 4494 1862 4567 eligii
1879 4499 1917 4552 ob

220 4580 366 4650 exemplar
380 4593 413 4632 ex
428 4588 484 4646 quo
499 4577 643 4642 sumptum
659 4572 701 4624 est
712 4564 863 4622 retinuisse
878 4581 885 4631 ;
901 4569 951 4620 aut
962 4569 1038 4619 certa
1053 4564 1204 4619 dicendum
1219 4564 1332 4620 estideo
1348 4565 1447 4619 librum
1458 4564 1701 4635 huucnuncupari
1712 4568 1803 4621 sancti
1823 4567 1916 4639 Eligii,

219 4653 297 4723 quod
308 4650 372 4704 olim
389 4648 425 4702 ad
440 4642 644 4701 monasterium
661 4638 751 4694 sancti
767 4636 847 4707 litigii
866 4636 995 4692 Noricmi
1017 4634 1104 4689 situm
1131 4635 1307 4706 pertinuerit,
1327 4637 1403 4707 quod
1416 4641 1524 4702 tamen,
1541 4651 1602 4691 cum
1615 4634 1643 4690 id
1657 4644 1767 4706 penitus
1780 4653 1835 4692 non
1850 4654 1918 4694 con·

219 4728 285 4789 stet,
300 4732 495 4776 assererenon
508 4714 611 4770 ausim.
624 4710 766 4780 Quidquid
778 4708 934 4771 sittacenen
953 4711 1058 4762 certum
1078 4710 1122 4761 est
1148 4706 1275 4762 Codicem
1292 4723 1348 4762 ms.
1378 4723 1440 4763 esse
1463 4705 1693 4765 vetustissimum.
1715 4707 1792 4763 illius
1814 4709 1915 4764 chara·

219 4800 310 4850 cteres
325 4793 465 4847 accedunt
483 4788 518 4841 ed
534 4782 752 4840 similitudinem
764 4778 953 4835 alicuiuslibri
969 4795 1021 4835 uis.
1043 4778 1303 4841 Sacrainentorum,
1326 4793 1410 4849 quein
1427 4778 1494 4832 oliui
1507 4778 1747 4850 scripsitquidam
1768 4779 1917 4851 presbyter

219 4864 333 4921 nomine
346 4862 504 4924 Rodradus,
518 4856 565 4929 qui
581 4854 652 4910 visit
666 4868 742 4908 anno
761 4849 871 4905 Domini
886 4848 948 4915 853,
961 4850 996 4903 de
1007 4865 1064 4919 quo
1074 4848 1150 4903 inira
1165 4850 1230 4914 3sea
1244 4854 1383 4920 apparent
1391 4850 1561 4907 vetustiores
1576 4867 1636 4905 cum
1652 4849 1785 4921 ipsalibri
1806 4848 1911 4910 forma.

220 4935 337 4992 Accedit
349 4934 386 4988 ad
401 4928 654 4989 commendandam
668 4924 744 4979 illius
760 4926 925 4978 vetustatem
939 4922 1015 4992 quod
1030 4920 1059 4973 in
1076 4920 1256 5044 espanciora
1268 4924 1341 4975 l'esta
1351 4920 1407 4975 sint
1420 4938 1503 4992 quam
1516 4920 1614 4977 inaliis
1626 4921 1874 4987 sacramentariis,
1887 4928 1917 4980 et

1132 5008 1139 5044 i

220 5007 372 5063 Ordinibus
388 5021 457 5059 mss.
474 5016 537 5074 quae
553 5003 619 5054 sunt
633 5010 795 5068 pauescas,
811 4997 839 5049 et
856 4992 885 5047 in
899 4991 1008 5046 excusis
1022 5007 1055 5045 ex
1070 4991 1109 5045 Co
1142 5007 1173 5046 ce
1184 4990 1323 5047 Vaticani.
1343 4993 1421 5049 Noni
1435 5009 1568 5064 processu
1584 4991 1715 5063 temporis
1732 4993 1806 5048 fem
1818 4999 1848 5049 et
1870 5011 1914 5050 ,0,

218 5078 384 5135 temnitates
394 5073 549 5131 accrevisse
565 5086 650 5125 nemo
664 5073 707 5123 est
721 5065 769 5137 qui
784 5065 907 5145 ignorat.
925 5063 1102 5143 lliec'eadem
1117 5062 1321 5143 hujiist'odicis
1345 5069 1471 5119 vetustas
1493 5063 1588 5136 colligi
1616 5067 1710 5135 potest
1724 5081 1757 5119 ex
1788 5065 1914 5136 antiquis

217 5151 413 5220 scriptoribus.
432 5149 464 5201 ln
484 5150 538 5198 troc
551 5141 654 5198 Godice
673 5138 763 5194 sancti
783 5138 863 5206 litigii
882 5140 1083 5205 suntquinque
1098 5133 1252 5188 Dominicis
1264 5135 1419 5201 Adventus,
1442 5140 1470 5190 et
1482 5153 1543 5206 quic
1557 5135 1696 5191 remotior·
1714 5142 1758 5190 nsi
1780 5153 1797 5190 a
1818 5136 1913 5191 Natali

218 5222 321 5278 tunsa
337 5222 441 5275 dicitur
454 5216 564 5288 quinta,
576 5220 604 5268 et
613 5228 674 5283 quie
683 5207 893 5277 bancsequitur
907 5207 1067 5276 appellatur
1079 5210 1192 5275 quarta,
1202 5210 1230 5260 et
1243 5205 1283 5261 sic
1291 5205 1435 5277 deinceps.
1451 5210 1488 5261 ni
1498 5207 1852 5272 amalariasl'ortunatus,
1863 5207 1911 5263 lili.

217 5309 247 5349 ιιι
261 5298 294 5349 de
305 5292 414 5347 (illiciis
427 5284 640 5347 aeclesiasticis,
658 5299 720 5363 cap.
732 5281 776 5345 ib,
792 5283 913 5333 testatur
923 5278 997 5331 lianc
1008 5292 1071 5331 esse
1087 5276 1299 5332 lloniinicarum
1314 5279 1460 5332 Adventus
1470 5277 1610 5334 rationem
1625 5278 1653 5333 in
1665 5277 1789 5349 antiquis
1812 5278 1913 5333 Missa-

216 5365 300 5431 libus‚
317 5370 348 5419 ut
362 5362 443 5417 ineis
455 5359 590 5428 scriptum
608 5358 765 5425 reperiatur
777 5367 782 5405 :
792 5348 959 5403 llebdoinuda
974 5349 1138 5419 quintaanle
1149 5348 1278 5404 lt'atalem
1290 5348 1415 5404 Domini.
1433 5350 1464 5402 ln
1480 5350 1691 5405 eademGodice
1703 5348 1794 5404 sancti
1819 5349 1914 5421 Eligii·

217 5438 353 5509 scriptum
369 5439 422 5498 est,
437 5446 486 5503 qui
500 5430 665 5483 tecumoroit
678 5431 702 5478 et
719 5428 814 5492 repeat
828 5423 908 5485 bens,
925 5425 1011 5489 atque
1024 5418 1082 5472 haec
1098 5419 1249 5498 verborum
1261 5421 1347 5475 series
1358 5419 1677 5491 estantiquiisiinorum
1692 5421 1910 5492 exemplarium,

218 5515 248 5565 ιιι
263 5514 346 5564 docet
360 5506 536 5573 biscrologus,
551 5516 611 5569 cap.
622 5500 649 5560 ll,
658 5496 692 5550 de
713 5490 959 5547 observationibus
971 5489 1170 5546 ecelesiasticis
1184 5492 1345 5546 :Sciendum
1354 5498 1391 5545 eil
1402 5498 1492 5546 aulem
1505 5496 1534 5547 in
1546 5494 1600 5548 illa
1611 5492 1793 5548 usitatissima
1803 5495 1912 5548 canelu-

215 5581 519 5652 sione,perl)omiauiii
533 5580 668 5631 iioslrum,
677 5564 893 5638 quodllomaiius
907 5562 977 5617 Ordo
988 5567 1012 5615 et
1027 5563 1221 5632 antiquissima
1233 5563 1400 5634 exemplario
1411 5568 1561 5633 reponunt,
1577 5564 1751 5620 ubidicitur.
1765 5563 1811 5636 qui
1827 5569 1911 5620 eccum

214 5654 284 5708 ulit
316 5659 366 5706 tre
388 5646 529 5705 nnatbeas
554 5646 607 5697 etc.

244 5670 283 5779 vlit
298 5668 498 5793 εθειιεριιιιιιιιιιιι
512 5684 555 5769 iic
570 5708 750 5768 doctissimus
762 5704 810 5779 qui
824 5719 915 5774 nuper
929 5702 1097 5760 Vaticanum
1111 5702 1317 5760 stillustriores
1329 5704 1428 5760 Romae
1437 5703 1620 5763 bibliothecas
1635 5705 1828 5779 perlustravit,
1838 5704 1911 5765 mibi

213 5801 331 5854 testatus
345 5798 389 5851 est
402 5809 431 5849 se
443 5787 552 5847 nullum
566 5783 605 5841 ibi
617 5783 720 5840 librum
733 5780 984 5835 Sacramentorum
1003 5774 1093 5833 sancti
1105 5776 1232 5849 Gregorii
1248 5776 1361 5843 vidisse,
1394 5775 1421 5832 ui
1434 5775 1470 5834 da
1484 5776 1654 5853 antiquitate
1664 5794 1730 5836 cum
1747 5779 1801 5837 hoc
1819 5777 1911 5837 saneti

210 5866 294 5950 Erigit
305 5865 411 5931 ιιιεειιι
425 5869 534 5925 certus
548 5856 645 5942 possit.
662 5854 787 5935 Apparet
798 5847 887 5914 etlam
899 5847 975 5909 hunc
988 5846 1093 5911 librum
1109 5847 1270 5911 iuiiiseats
1279 5793 1478 5927 Cmoliidagoi
1491 5849 1911 5934 acrlptumimptrtumsttttiltt
