4034 6180
108 1794 112 1811 ¹
217 1806 271 1862 que
286 1789 314 1843 in

209 238 268 310 trs
587 238 625 305 ut
646 241 676 304 s.
700 238 874 303 amonuit
893 230 1034 301 urbsuu
1056 224 1383 300 sanaauauroauu
1405 228 1523 300 narn.
1846 229 1902 296 aaa

210 374 330 435 dubiam
343 369 1073 448 quinideminhacsacratissimsieceritactio·A
1124 368 1214 440 289
1227 367 1272 423 63.
1288 367 1417 425 Hostium
1451 368 1611 429 cremate.
1640 363 1673 420 ln
1698 362 1786 420 citato
1814 362 1905 421 sancti

211 466 256 516 ne,
272 448 325 505 etsi
341 448 369 502 in
383 446 462 502 Novo
472 442 655 501 Testamenta
674 443 703 499 id
717 448 775 499 non
795 442 955 515 reperiatur
967 440 1034 497 scri·
1087 439 1228 494 Ambrosii
1240 439 1333 511 eapite
1343 384 1618 494 stobaietorfftonc
1636 437 1855 518 immacutatum
1862 437 1907 491 lto·

211 526 303 594 ptum.
647 564 649 567 ,
1087 506 1910 575 stium,rutionohitsmnosunminerucntumhostmrnnunn

247 592 291 645 53.
311 586 403 643 Dedit.
428 586 470 642 lta
492 583 522 641 in
544 585 634 641 Editis
648 588 677 640 et
701 584 729 640 in
745 584 809 639 aliis
822 584 969 640 Codicihns
985 599 1035 638 no·
1087 589 1338 650 punemsunetum,
1355 590 1380 636 et
1393 582 1508 636 reticem
1519 583 1582 635 nitu
1595 585 1716 635 sinric.
1732 608 1766 619 -·
1784 577 1909 633 Hostium

212 660 278 716 stria
306 675 377 714 mss.
416 661 444 711 et
470 657 499 712 in
515 656 601 712 Missa
615 656 706 711 sancti
736 653 1034 712 peirhhtinhlissali
1088 667 1203 723 purum.
1220 650 1753 713 Sanctuslrenarus,lib.rvadrersus
1776 648 1910 712 haereses,

212 732 333 788 Romet
347 728 448 784 hlatth.
459 744 522 782 xxvi
538 726 797 809 legitur,deditqrse.
817 727 850 782 lit
864 725 1035 782 inversione
1089 723 1508 806 cap.3l,ethuneoblulionem
1519 719 1910 801 Ecclesiusolopurornoffert.
2008 740 2009 749 ¹

213 800 314 859 Codini
322 798 502 857 interseritur
511 803 675 868 coniunctio
686 797 856 868 copulativa.
1125 795 1169 848 bl.
1183 794 1308 850 Hostium
1323 793 1556 849 immaculatam.
1575 793 1757 854 Fortunatus,
1774 790 1821 845 hh.
1837 807 1863 844 rs
1876 790 1912 845 de
2008 820 2009 833 .

248 873 292 927 64.
313 872 359 926 En
372 870 422 925 hoc
437 886 540 925 ornnes.
552 870 594 924 lta
606 869 680 939 apud
694 872 826 923 sanctum
840 867 1034 923 Ambrosium.
1090 864 1155 920 Vita
1169 864 1260 920 sancti
1274 865 1398 935 Martini,
1416 865 1471 919 huc
1485 863 1625 933 respicere
1645 862 1757 917 videtur
1771 882 1777 916 :

212 944 276 999 Non
292 945 404 997 exstant
420 940 450 995 in
466 940 579 1021 liturgia
596 939 687 994 sancti
712 939 796 1003 Petri,
822 955 913 1009 neque
931 938 960 994 in
973 954 1035 993 rer·

214 1014 294 1069 sione
310 1012 421 1077 Codioi,
437 1026 566 1081 nequem
586 1011 665 1065 Novo
682 1008 875 1065 Testamenta.

251 1084 294 1137 55.
310 1094 324 1125 ε
338 1082 393 1137 Hoc
417 1086 458 1135 est
472 1082 546 1135 enim
569 1097 667 1150 corpus
690 1097 786 1135 meum.
805 1082 870 1136 llaec
896 1079 1037 1151 particula
1124 1074 1917 1146 65.steatiacceptataberentpaotasest.sanctornm·

214 1156 285 1211 enim
300 1156 393 1209 exstat
404 1152 481 1223 apud
495 1155 627 1207 sanctum
639 1150 831 1215 Ambrosiam,
847 1168 911 1221 cap.
938 1150 1036 1215 citato,
1092 1147 1213 1210 brusias,
1229 1163 1291 1217 cap.
1305 1147 1410 1204 citato:
1427 1147 1500 1203 Sicut
1512 1149 1659 1218 suscipere
1676 1145 1807 1215 dipnotus
1821 1159 1861 1202 es.

215 1229 244 1281 et
262 1224 292 1279 in
314 1222 430 1295 liturgia
445 1222 537 1277 sancti
557 1222 654 1294 llarci.
677 1221 763 1277 Abest
772 1226 869 1277 tamen
884 1224 920 1277 ab
931 1221 994 1276 aliis
1006 1221 1039 1275 li·
1128 1217 1172 1273 66.
1186 1218 1323 1274 Summus
1333 1219 1550 1275 suendostuus.
1563 1218 1783 1288 Apudsanctum
1794 1215 1919 1271 Ambro-

215 1295 327 1369 turgiis,
348 1311 427 1351 sacra
443 1294 589 1364 Scriptura
604 1297 633 1348 et
646 1291 895 1350 versionaCodini.
1093 1289 1179 1351 sium,
1196 1304 1258 1357 cap.
1274 1289 1372 1355 citato,
1386 1289 1466 1344 deest
1478 1304 1636 1360 pronomen
1652 1295 1726 1342 tuus.

250 1367 295 1424 56.
312 1367 401 1421 Hunc.
425 1366 483 1419 Hoc
508 1363 675 1419 uocabulum
704 1379 762 1419 non
788 1368 880 1419 exstat
903 1363 932 1418 in
958 1379 1040 1418 sacra
1129 1361 1174 1414 bt.
1194 1361 1260 1415 iube
1275 1359 1334 1416 hnc
1345 1363 1475 1431 preferri.
1490 1360 1656 1430 Nonipsum
1674 1357 1777 1413 Christi
1803 1373 1837 1413 co
1874 1372 1919 1422 us,

1152 980 1327 1030 Immaculata
1336 979 1382 1029 Dei
1397 994 1459 1029 cum
1476 979 1549 1029 dona
1562 979 1713 1042 imponeret
1726 990 1788 1027 arm.

217 1437 374 1507 Scriptura,
392 1436 447 1490 nec‘
460 1436 533 1504 apud
549 1438 681 1489 sanctum
697 1434 890 1498 Ambrosium.
904 1451 939 1489 nc
962 1450 996 1489 ue
1011 1434 1039 1488 in
1095 1430 1145 1485 sed
1157 1429 1329 1485 memoriam
1344 1431 1494 1500 passionis.
1505 1430 1602 1496 iidem,
1619 1445 1724 1500 preces,
1742 1433 1847 1484 etrota
1873 1428 1923 1483 de·

216 1506 357 1579 liturgiis:
385 1506 436 1561 sed
463 1508 557 1560 exstat
578 1505 606 1559 in
633 1504 763 1563 versione
789 1504 900 1560 Cadini.
921 1451 1042 1559 Additur
1095 1501 1177 1556 lium.
1191 1500 1282 1556 Aliter
1297 1501 1537 1565 Paschasiuslih.
1553 1503 1587 1556 de
1601 1504 1724 1572 Corpore
1733 1503 1761 1555 et
1776 1497 1922 1570 Sanguine

216 1592 284 1634 reru
295 1578 330 1633 ad
350 1575 570 1648 significandum
582 1576 760 1631 sacerdotem
785 1575 860 1631 idem
870 1575 1041 1630 sacrificium
1095 1570 1209 1636 Christi,
1225 1587 1287 1642 cap.
1304 1571 1356 1629 li:
1372 1573 1473 1641 thuid
1488 1571 1653 1643 perferendo
1675 1571 1741 1627 ittuc
1753 1587 1783 1624 eo
1795 1570 1923 1640 deposed

217 1648 313 1704 facere
323 1648 398 1718 quod
415 1646 482 1701 lecit
491 1645 628 1713 Christus,
637 1646 721 1718 juxta
729 1645 799 1700 illud
808 1645 907 1701 Paulit
921 1648 985 1702 Cor.
1001 1662 1039 1701 x:
1097 1642 1152 1697 nisi
1167 1643 1378 1713 utintettipatnr
1393 1645 1461 1714 quod
1478 1644 1573 1714 ineius
1590 1642 1742 1697 sacerdotio
1757 1644 1808 1696 isto
1830 1640 1924 1711 fiunti

218 1722 325 1777 Denno
368 1719 482 1779 uertite
496 1733 551 1771 uno
564 1716 647 1770 colice
659 1717 874 1787 participamus.
892 1718 940 1772 Est
963 1720 1083 1783 nam-B
1132 1711 1176 1768 68.
1198 1713 1231 1767 ln
1248 1714 1368 1770 sublime
1387 1715 1478 1769 attare
1500 1722 1586 1769 tuum.
1602 1716 1723 1768 Sanctus
1744 1711 1923 1776 Ambrosius,

329 1735 454 1843 dictaeis
468 1803 556 1843 unum
573 1786 664 1842 altare
677 1792 706 1842 et
719 1802 808 1841 unum
823 1787 1004 1842 sacrificium.
1097 1800 1160 1854 cap.
1170 1783 1269 1849 citato,
1285 1784 1325 1838 sic
1339 1783 1438 1843 habet:
1452 1785 1594 1851 Staseipius
1606 1787 1634 1839 in
1647 1783 1855 1839 subtimiclturi
1866 1789 1922 1837 tuo.

254 1861 297 1915 st.
318 1860 500 1915 Praeclarum.
516 1859 547 1912 In
563 1858 693 1933 versione
718 1857 827 1922 Cadini,
850 1858 1042 1941 λαμπρότατον.
1132 1853 1230 1910 Altare
1242 1854 1296 1910 hoc
1310 1854 1373 1911 loco
1388 1854 1725 1925 sumiturmetaphorice.

217 1931 281 1986 Non
294 1933 387 1986 exstat
400 1931 476 2000 apud
492 1932 621 1983 sanctum
637 1928 830 1993 Ambrosium,
852 1945 903 1984 uec
918 1946 945 1983 in
964 1930 1045 1984 litur—
1132 1925 1179 1979 69.
1199 1926 1295 1991 Super
1308 1926 1447 1998 diptycho.
1461 1928 1523 1982 ilaec
1537 1925 1685 1990 vocabula,
1703 1924 1794 1995 iqua
1816 1923 1863 1978 hic
1875 1922 1925 1978 de·

218 2001 282 2073 giis,
298 2016 350 2056 nec
362 2000 391 2054 in
407 2016 480 2053 noro
495 2001 689 2056 Testamenta.
702 1999 854 2070 Sumptum
876 2006 973 2055 tamen
988 2000 1044 2070 epi·
1098 1994 1308 2058 siderebantur.
1331 2014 1361 2051 rc
1382 1996 1443 2052 osui
1464 1997 1602 2053 exEditis.
1613 1994 1862 2067 Diptychaglossra
1877 2010 1923 2050 ra·

219 2073 319 2128 theton
330 2077 373 2126 est
383 2087 416 2126 ex
426 2070 533 2125 Psalm.
545 2071 703 2127 svrrzt'utin
712 2086 794 2129 meus
805 2071 1045 2141 inebrians,quum
1099 2071 1253 2146 teresflmss.
1266 2015 1441 2123 bibliotlrecae
1454 2068 1630 2123 Corbeiensis
1638 2066 1751 2122 tabulas
1763 2065 1922 2137 explicant:

218 2142 378 2215 preclarus
390 2150 441 2197 est.
1100 2138 1222 2205 Diplseae
1235 2136 1301 2209 (leg.
1319 2138 1462 2209 dypticha)
1476 2141 1586 2203 tabutas,
1599 2137 1711 2221 proprie
1725 2141 1793 2191 sunt
1815 2136 1923 2191 tabulas

254 2215 300 2267 68.
321 2211 414 2268 Dedit.
445 2211 488 2265 lta
512 2210 542 2264 in
556 2211 646 2266 Editis
674 2210 1045 2267 etioaliisCodicibusno·
1100 2210 1172 2263 duas
1188 2208 1276 2278 plicas
1292 2208 1439 2275 habentes,
1456 2209 1590 2273 Ausonio,
1606 2225 1694 2280 epigr.
1718 2208 1780 2271 lat,
1796 2207 1925 2274 birotam
2008 2226 2009 2229 ¹

219 2283 287 2339 atris
302 2298 385 2349 mss,
401 2285 430 2337 et
444 2281 472 2336 in
484 2281 569 2336 Missa
582 2281 673 2336 sancti
694 2282 778 2337 Petri.
793 2284 825 2336 ln
839 2282 945 2339 Missali
962 2284 1044 2338 Rom.
1069 2279 1074 2287 '
1098 2279 1235 2349 pupillos.
1246 2278 1383 2350 ltiptycha
1393 2278 1925 2350 sacratabellaesuntiuquihusscripta

219 2352 487 2422 habeturdeditquc.
501 2351 600 2408 llatth.
617 2360 720 2419 necet
732 2352 815 2418 dedit,
831 2357 863 2408 ut
877 2354 1046 2409 inversione
1100 2354 1185 2405 eraut
1203 2351 1323 2405 nomina
1345 2351 1471 2407 vivorum
1498 2356 1526 2408 et
1554 2351 1754 2407 defunctorum
1782 2349 1924 2418 fidelium,

221 2423 333 2481 Codini.
1100 2436 1223 2492 quorum
1233 2422 1473 2478 commemoratio
1488 2422 1515 2477 io
1532 2422 1617 2477 Missa
1631 2421 1724 2477 tiebat.
1745 2420 1811 2476 Vide
1827 2421 1925 2475 obser·
2006 2422 2009 2437 ⁴

255 2495 300 2549 69.
313 2493 412 2549 liiesst
426 2494 499 2549 enim
514 2492 590 2548 culs'c
598 2492 746 2563 respuistis
757 2494 821 2557 mei,
836 2499 891 2551 etc.
905 2494 1047 2551 Particula
1101 2491 1230 2547 rationes
1244 2497 1358 2547 nostrae
1370 2495 1405 2547 ad
1419 2493 1608 2549 Concordiam
1622 2492 1798 2565 regularum,
1815 2507 1880 2562 rap.
1895 2490 1923 2554 i,

220 2566 296 2622 enim
309 2564 595 2619 exstatMatth.nrr.
617 2565 680 2619 Haec
699 2568 795 2620 autem
820 2568 971 2622 verborum
988 2565 1046 2621 ior·
1101 2562 1159 2635 §l-

221 2635 302 2691 mula
320 2651 376 2705 qua
388 2633 461 2689 calix
474 2634 650 2690 benedicitur
665 2652 720 2690 non
735 2640 779 2691 est
788 2636 817 2691 in
830 2653 911 2692 sacra
922 2636 1045 2707 Scriptu-
1136 2633 1180 2687 70.
1201 2632 1340 2689 Memento.
1352 2635 1448 2705 Neque
1457 2634 1517 2690 haec
1531 2633 1734 2690 detunctorum
1747 2647 1927 2688 commemo·

222 2724 265 2773 ra,
282 2721 334 2761 nee
349 2704 377 2760 in
393 2704 525 2776 liturgiis.
539 2707 637 2761 Exstat
651 2706 680 2761 in
693 2706 823 2762 versione
835 2709 1048 2779 Codini‚estque
1102 2703 1176 2758 ratio
1201 2709 1294 2759 exstat
1325 2704 1354 2760 in
1374 2705 1429 2760 hoc
1457 2707 1525 2762 Cod.
1545 2704 1635 2762 sancti
1653 2704 1732 2776 Eligii
1747 2703 1797 2759 sed
1811 2701 1927 2773 reposui

222 2777 343 2849 optima,
355 2775 423 2846 quia
437 2775 565 2832 continet
579 2792 695 2832 sensum
709 2777 827 2832 aliarum
857 2777 1047 2834 formularum
1102 2773 1369 2831 exEditis:e1stat
1388 2777 1598 2833 tameniohoc
1624 2776 1725 2832 Codice
1748 2789 1803 2829 ms.
1832 2773 1927 2829 sancti

222 2864 287 2974 xum
306 2847 459 2917 suutapud
487 2847 678 2929 evangelistas
704 2851 733 2903 et
762 2852 892 2930 sanctum
914 2849 1046 2906 Paulum.
1102 2845 1240 2933 litigium
1259 2845 1453 2928 alioCaoooe,
1470 2846 1743 2918 quihaheturieria
1766 2846 1867 2914 quinta
1889 2845 1926 2900 de

155 2986 158 2995 ¹
224 2918 867 3046 atti.,rettulitretiulittritta
882 2919 1048 3046 hiihliil
1101 2916 1926 3056 tntilttthlffttttttttlttltfthnihttu

223 3059 285 3130 puis
294 3073 381 3121 meus,
395 3073 429 3113 ax
443 3059 542 3114 Matth.
553 3076 618 3114 xxvi
633 3064 662 3116 et
676 3059 763 3114 Marci
779 3076 833 3116 xiv.
1063 3077 1086 3137 G
1103 3073 1212 3111 morem
1242 3057 1382 3123 Ecclesiae,
1408 3059 1452 3115 cui
1477 3076 1590 3129 semper
1605 3004 1705 3115 Cestio
1729 3074 1779 3129 pro
1795 3056 1926 3112 fidelihus

260 3129 303 3183 60.
334 3129 500 3199 ripatorium
522 3130 597 3197 fidei.
613 3130 678 3186 llaec
706 3133 793 3187 verba
808 3146 865 3185 non
890 3131 1048 3187 exstantia
1102 3126 1245 3182 defunctis
1259 3128 1288 3182 io
1305 3128 1357 3184 hoc
1376 3129 1507 3201 liturgico
1522 3130 1660 3185 sacrificio
1675 3146 1751 3184 cursa
1764 3127 1827 3193 luit,
1843 3131 1874 3181 ut
1886 3127 1926 3181 ri·

224 3198 330 3256 Ordine
357 3201 497 3254 Romano.
526 3201 672 3257 Habentur
698 3201 728 3256 in
751 3202 1005 3268 versioneOodini,
1020 3207 1049 3255 τὸ
1103 3197 1224 3254 dereest
1238 3199 1380 3254 catechesi
1403 3201 1495 3255 sancti
1517 3200 1613 3272 Cyrilli
1633 3200 1716 3255 toties
1738 3198 1841 3255 citata:
1863 3199 1926 3251 Εἶτα

225 3275 369 3343 μυστήριον
385 3277 433 3332 τῆς
451 3274 574 3331 πίστεως,
1102 3274 1148 3320 καὶ
1163 3269 1226 3342 in'sp
1242 3278 1291 3321 τῶν
1306 3277 1548 3345 προκεκοιμημένων
1560 3272 1640 3343 ἁγίων
1653 3275 1768 3343 πατέρων
1782 3274 1827 3322 καὶ
1853 3266 1927 3321 inss-

260 3342 305 3396 6l.
328 3340 444 3396 Undae!
459 3354 712 3397 memoressumus.
732 3343 814 3412 Apud
834 3346 965 3398 sanetum
980 3348 1050 3399 Am·
1103 3344 1189 3392 κόπων
1215 3345 1260 3392 καὶ
1288 3345 1388 3393 πάντων
1414 3343 1499 3403 ἁπλῶς
1515 3351 1566 3395 τῶν
1589 3345 1662 3413 ἡμῶν
1684 3343 1925 3416 προκαοιμημὲνων

226 3410 365 3476 hrosium,
379 3409 428 3465 lib.
448 3428 476 3465 rv
487 3412 522 3467 de
536 3412 739 3478 Sacramentis,
754 3430 816 3484 cap.
837 3413 863 3474 6.
887 3414 967 3470 deest
988 3430 1051 3485 par-
1104 3416 1231 3482 patrissui
1245 3414 1334 3469 diaco
1348 3416 1511 3475 πιστεύοντες
1526 3415 1632 3466 ἔσεσθαι
1655 3421 1711 3473 ταῖς
1732 3411 1845 3483 ψυχαῖς.
1862 3411 1926 3484 trip

226 3481 314 3536 ticula
327 3488 364 3548 et,
377 3498 442 3536 cum
458 3484 657 3554 verborumne.
672 3484 753 3546 Quod
769 3488 867 3540 tamen
879 3486 1051 3540 serbumex·
1105 3479 1140 3533 ὧν
1156 3484 1168 3540 i
1186 3478 1277 3542 δέησις
1298 3481 1453 3556 ἀναφέρεται
1466 3492 1511 3545 τῆς
1526 3484 1611 3555 ἁγίας,
1642 3489 1687 3535 καὶ
1730 3478 1929 3555 paratissima

227 3554 286 3607 etat
297 3552 326 3606 iu
342 3551 492 3631 Codicibus
504 3553 658 3610 Rhemansi
673 3560 701 3610 ct
712 3554 833 3623 Titiano,
843 3558 871 3610 et
883 3556 913 3610 in
927 3560 1051 3611 tractatu
1105 3558 1274 3626 προκειμένης
1287 3555 1388 3614 θυσίας.
1408 3555 1437 3607 ld
1451 3559 1505 3618 esi.
1519 3554 1622 3610 deinde
1637 3570 1687 3625 pro
1706 3503 1849 3607 defundis
1865 3568 1929 3606 ⁸⁸1¹·

228 3634 314 3693 super
325 3623 440 3678 Missam
458 3624 587 3679 biblioth.
603 3626 696 3689 Cori..
714 3629 743 3680 et
756 3625 785 3680 in
801 3626 979 3695 expositione
992 3627 1051 3681 hia·
1106 3623 1159 3678 ctis
1175 3624 1308 3678 Patribus
1323 3629 1352 3679 et
1365 3624 1513 3696 episcopis.
1530 3624 1632 3681 deinde
1648 3641 1697 3696 pro
1718 3623 1853 3678 omnibus
1867 3638 1929 3677 ora·

228 3693 309 3767 gistri
322 3694 407 3762 Flori,
423 3698 452 3748 et
470 3694 520 3749 illa
534 3696 764 3766 rerba,ptoriosoe
775 3698 966 3761 decurionis,
981 3713 1052 3765 pun·
1108 3711 1182 3759 mus,
1198 3694 1245 3764 qui
1258 3694 1333 3749 inter
1346 3711 1397 3750 nos
1410 3696 1466 3751 vita
1483 3695 1664 3758 sanctisunt,
1680 3694 1841 3750 maximum
1868 3709 1930 3748 esse

228 3764 541 3846 ctocircumscribenda
556 3770 632 3821 sunt.
650 3768 818 3821 [incautam
844 3783 1054 3823 commemora·
1106 3764 1254 3821 credentes
1270 3764 1435 3820 animarum
1452 3768 1597 3836 juvamen,
1615 3782 1666 3847 pro
1681 3766 1783 3836 quibus
1811 3764 1931 3819 offertur

229 3839 269 3889 tro
293 3836 445 3900 Passionis,
474 3836 696 3891 Resurrectionis
718 3836 832 3901 Christi,
849 3842 914 3902 etc,
933 3837 1053 3892 habetur
1107 3834 1232 3905 precatio
1246 3835 1337 3890 sancti
1350 3835 1425 3890 illius
1436 3854 1469 3891 ac
1481 3838 1622 3892 tremendi
1638 3837 1714 3907 quod
1729 3836 1757 3891 in
1771 3834 1854 3890 altari
1867 3851 1931 3905 pro·

229 3904 260 3987 in
274 3905 546 3977 omnibusliturgiis,
559 3919 681 3977 eamque
698 3906 791 3977 tangit
804 3912 919 3962 sonctus
930 3909 1051 3962 hmhro-
1107 3904 1228 4029 positum
1245 3913 1287 3960 est
1296 3906 1437 3963 sacrificii.
1452 3908 1483 3961 Et
1493 3907 1569 3978 apud
1583 3911 1713 3962 sanctum
1729 3905 1930 3977 Augustinum,

230 3991 299 4039 erus,
313 3992 375 4045 cap.
399 3975 487 4031 citato
501 3995 508 4029 ι
524 3977 561 4031 Et
578 3977 704 4032 sacerdos
724 3976 816 4032 dreit:
832 3977 908 4047 h'rpo
922 3993 1055 4032 nientores
1119 3974 1181 4029 ibro
1195 3977 1231 4031 de
1250 3978 1382 4046 Curapro
1398 3978 1519 4032 mortuis
1533 3979 1670 4047 gerenda,
1687 3994 1750 4047 cap.
1770 3986 1778 4030 t
1796 3976 1851 4033 :ia
1876 3992 1932 4031 asc·

230 4045 458 4126 ptoriosirissimae
468 4048 526 4117 rjus
541 4048 693 4113 Passionis,
709 4054 735 4103 et
748 4047 782 4102 ab
796 4048 895 4118 inseris
909 4049 1054 4103 Resurrec·
1106 4046 1282 4102 chubnorum
1297 4048 1381 4104 tibris
1392 4048 1505 4117 tapinos
1520 4050 1647 4104 obtutum
1658 4064 1711 4118 pro
1723 4046 1838 4102 mortuis
1847 4048 1932 4100 meri-

232 4120 317 4170 tronts
331 4122 356 4170 et
369 4131 398 4170 en
411 4116 492 4171 coelos
506 4116 694 4179 decuriones,
1106 4116 1214 4184 ficium.
1241 4117 1292 4172 Sed
1318 4126 1343 4172 ct
1365 4124 1390 4174 si
1408 4136 1544 4191 nusquam
1571 4134 1602 4175 sn
1623 4119 1785 4186 Scripturis
1798 4116 1932 4172 nantas

267 4185 312 4240 62.
337 4188 376 4240 De
392 4188 448 4241 tuis
457 4186 535 4242 donis
549 4204 580 4242 ac
599 4188 680 4242 dotis.
696 4186 727 4240 In
748 4185 870 4259 liturgiis
888 4195 1052 4243 sanctornm
1107 4188 1221 4243 orrsnino
1235 4189 1379 4257 inperetur,
1394 4207 1448 4244 non
1462 4194 1604 4257 purruest
1626 4191 1768 4245 urrioersee
1781 4189 1929 4250 Ecclesia.

122 4291 125 4295 J
233 4254 329 4337 Basilii
357 4259 386 4311 et
406 4256 563 4327 Chryeost,
591 4256 896 4311 aerumnosissima
911 4263 1011 4333 spaopt
1029 4277 1055 4311 s·
1107 4272 1168 4328 qun
1182 4259 1212 4311 in
1225 4259 1479 4315 hacconsuetudine
1495 4262 1596 4325 claret,
1608 4260 1821 4322 auctoritatam
1830 4264 1859 4312 in
1869 4274 1933 4326 pre·

234 4344 290 4397 pn,
305 4326 334 4380 id
347 4330 398 4389 est,
417 4331 466 4381 tua
480 4343 513 4382 ex
528 4326 584 4381 tuis
595 4327 645 4382 tibi
658 4327 814 4383 oderimus.
831 4330 873 4383 Ad
892 4331 969 4400 quod
984 4278 1027 4384 ati
1044 4359 1055 4371 ·
1108 4327 1190 4384 citus
1207 4328 1440 4400 sacerdotisque}
1454 4331 1494 4386 ud
1507 4331 1600 4386 ultum
1612 4331 1728 4386 Domino
1739 4330 1798 4386 Deo
1811 4329 1935 4399 [undum

235 4396 302 4450 dera
326 4395 438 4452 videtur
461 4397 640 4453 iustinianus
662 4397 819 4469 imperator
830 4399 859 4454 in
871 4399 1055 4469 inscriptione
1072 4405 1168 4483 θίαν,
1183 4398 1275 4456 locum
1289 4415 1368 4454 suum
1395 4401 1477 4456 hebet
1490 4410 1517 4456 et
1533 4401 1734 4457 commendatio
1744 4407 1935 4465 mortuorum

234 4480 344 4521 manser
354 4483 441 4537 quam
453 4466 521 4523 fecit
532 4484 565 4524 ex
576 4468 709 4523 omnibus
725 4469 855 4538 pretiosis
866 4486 929 4540 quac
940 4471 1057 4526 interra
1110 4472 1138 4524 et
1150 4468 1198 4523 lib.
1214 4485 1243 4524 11
1258 4469 1399 4537 conisae,
1419 4487 1481 4541 cap.
1509 4471 1553 4534 ll,
1578 4478 1678 4527 sancta
1705 4470 1817 4529 Manios
1841 4469 1933 4524 dicit:

235 4536 511 4608 muriqueeuni;'1¹ir
526 4546 577 4591 σῶν
590 4538 617 4592 in
630 4546 680 4590 τῶν
695 4547 746 4592 σῶν
777 4558 819 4592 σοι
838 4546 1013 4614 npenps‘pauer
1033 4543 1057 4593 οἱ
1113 4540 1316 4595 Tantunittud
1329 4557 1402 4610 rupo,
1422 4548 1455 4597 tsi
1469 4542 1506 4597 ad
1518 4542 1733 4599 atterebantur·
1757 4540 1936 4596 memineritis

238 4602 766 4691 dorilnissu,lipisri‚'lsvsnsainudqnui
789 4607 924 4684 Osedeipu,
949 4593 978 4666 id
1004 4616 1057 4671 eat,
1111 4610 1395 4679 mehulriluertlisc·

236 4680 288 4758 tua
315 4694 348 4733 ex
375 4682 431 4733 turs
455 4679 506 4733 tibi
519 4679 666 4737 oderimus
684 4680 823 4745 servitui,
840 4681 960 4752 Christe,
975 4682 1060 4737 iusti·
1148 4681 1192 4734 tl.
1208 4681 1245 4735 ut
1257 4680 1396 4737 dormiunt
1407 4681 1439 4737 in
1452 4696 1547 4738 sonno
1558 4698 1646 4745 noers.
1663 4681 1801 4737 Dicuntur
1828 4680 1938 4739 animes

237 4762 342 4802 nranus
360 4752 389 4805 et
402 4750 562 4817 Theodora,
582 4756 614 4808 nt
626 4750 725 4806 scribit
739 4752 893 4807 Cedrenm.
1113 4767 1165 4821 pro
1178 4751 1279 4821 quihus
1298 4750 1345 4808 hic
1364 4756 1464 4808 oratur
1476 4752 1603 4809 dormire
1613 4753 1642 4807 in
1657 4767 1760 4808 somno
1772 4751 1861 4824 pacis,
1878 4766 1939 4806 non

274 4880 288 4913 ι
302 4868 359 4925 Abs
382 4888 409 4949 re
423 4869 491 4927 forte
504 4889 558 4929 non
573 4873 623 4928 erit
639 4870 784 4929 observare
794 4880 933 4930 auctorem
949 4873 1012 4929 libri
1027 4874 1060 4931 de
1114 4874 1296 4940 omnipotens,
1307 4880 1407 4929 aeterne
1418 4873 1570 4939 Deus,meis
1583 4874 1715 4930 munibus
1725 4874 1883 4944 offerantur
1896 4889 1939 4927 su·

239 4937 425 4997 Sacramenta
437 4943 484 5013 qui
497 4942 541 4998 hic
568 4944 697 5000 laudatur
718 4944 898 5001 Eucharistisa
918 4961 1061 5001 consecra·
1113 4943 1280 5012 crificiupui
1291 4960 1482 5002 neeinvocorc
1493 4951 1615 5000 scrutum
1630 4944 1826 5001 nonnulle
1837 4959 1939 4999 nom

239 5009 341 5091 tionem
357 5015 384 5066 et
410 5012 490 5139 planis
508 5030 544 5093 ,ac
563 5014 619 5070 vini
641 5016 844 5073 conrarsionem
873 5015 899 5069 in
922 5032 1019 5087 corpus
1034 5021 1062 5072 et
1114 5020 1192 5070 tuum
1201 5013 1435 5081 drpnussnuusezl
1461 5019 1575 5072 uoniam
1586 5017 1616 5070 in
1630 5017 1734 5071 horrore
1745 5014 1841 5071 laudis
1850 5021 1939 5069 etme-

240 5096 403 5164 sangumem
437 5082 514 5137 hrrsh
527 5084 742 5141 clareascribere
756 5085 800 5141 his
814 5084 919 5143 verbis:
936 5088 1000 5142 Hoc
1021 5095 1061 5144 est
1113 5086 1416 5154 omriuptoriosissimi
1451 5085 1658 5156 ilertiqueiitii
1679 5086 1723 5140 tui
1749 5084 1870 5157 Domini
1890 5084 1941 5139 liei

240 5167 314 5208 cnam
328 5168 427 5233 corpus
453 5155 762 5219 meum,·etistis:ilic
782 5160 823 5213 est
846 5159 922 5213 enim
948 5161 1062 5225 rennuis
1115 5155 1941 5225 nostri'iesuChristiofferuntur,sieutincensurnincon·

240 5237 332 5278 meus.
349 5223 497 5281 Praerverat
509 5223 638 5292 Tertull.‚
652 5228 699 5297 qui
714 5226 764 5283 lib.
783 5243 812 5281 ιν
830 5227 965 5282 adsersus
994 5229 1062 5283 llar-
1113 5230 1208 5295 spiretu
1224 5227 1324 5281 diuinae
1333 5227 1554 5283 transrotatus
1566 5244 1629 5283 curn
1639 5228 1940 5283 odoresuuuitutrsue·

241 5291 357 5375 cionem,
371 5311 431 5376 cap.
443 5292 543 5360 mair:
553 5301 700 5368 acceptum
713 5312 817 5366 punem
833 5305 859 5353 rt
874 5298 1061 5354 distributum
1114 5298 1281 5354 cenmntur.
1297 5297 1354 5351 Per
1370 5242 1514 5353 dirutum
1527 5300 1681 5354 Dominum
1693 5304 1832 5353 nostrum.

211 5372 214 5387 '
241 5362 404 5446 dncsputss,
421 5367 620 5435 corpusittum
636 5368 813 5438 sanuserat,
830 5368 884 5423 hoe
901 5374 941 5424 est
958 5383 1061 5440 corpus
1088 5382 1093 5385 ’
1150 5367 1285 5422 candere
1312 5366 1392 5422 liceat
1413 5367 1548 5438 insignem
1582 5369 1654 5423 hunc
1676 5367 1804 5439 Cypriani
1836 5365 1942 5434 locum,

240 5450 342 5490 meum.
355 5435 487 5492 dicendo.
1115 5437 1195 5507 epist.
1212 5438 1239 5502 l,
1259 5437 1377 5495 inlidit.
1392 5454 1471 5509 nova,
1485 5437 1548 5493 olim
1564 5438 1620 5494 66:
1636 5438 1772 5506 Ephesii
1785 5444 1944 5493 orstecesso·
2008 5450 2009 5457 ¹

276 5503 292 5547 b
307 5506 375 5563 Haec
387 5505 577 5562 desiderantur
586 5523 695 5579 quoque
723 5507 751 5561 in
772 5505 878 5563 duobus
900 5507 1003 5563 Theod.
1032 5509 1061 5562 ln
1114 5523 1158 5564 res
1171 5508 1302 5564 nostri...
1317 5514 1484 5563 censuerunt
1499 5524 1535 5565 ne
1549 5511 1614 5579 pun
1629 5509 1728 5574 frater
1741 5508 1887 5565 excedens
1900 5506 1945 5561 ud

239 5579 393 5645 utroque,at
405 5577 432 5632 io
442 5576 624 5657 Constante
639 5576 1060 5651 Memementoetiamatclegi-
1116 5580 1231 5634 tutelam
1243 5578 1392 5635 retrursus
1402 5578 1538 5635 clericum
1547 5580 1725 5644 nominaret,
1741 5594 1774 5633 ec
1783 5578 1879 5649 siquis
1892 5576 1946 5632 hos

238 5649 284 5699 tur
304 5645 365 5703 hnc
383 5653 485 5707 oratio:
498 5647 638 5707 Memento
657 5650 724 5715 mei,
750 5664 852 5720 queso,
879 5649 1007 5714 Domine,
1032 5655 1058 5705 ct
1110 5650 1235 5721 securet,
1252 5664 1313 5705 non
1326 5650 1547 5719 offerreturpro
1561 5665 1602 5711 so,
1619 5649 1859 5715 mauruncium
1886 5662 1945 5715 pro

237 5714 383 5790 mnerers,
398 5719 476 5786 ticet,
489 5719 551 5778 nas
560 5726 660 5780 sanctu
669 5719 966 5807 indignantissime
973 5720 1058 5785 Peter
1112 5720 1354 5799 dprnuiunrrius
1363 5719 1565 5801 enutriretur.
1573 5718 1834 5794 Neomenimepud
1842 5718 1945 5776 elim
