4062 6180
234 152 300 248 nn
367 156 376 169 ‘
617 158 706 240 ins.
729 134 911 242 amoena
928 172 1069 249 aranon
1089 136 1420 240 saonlmuronnn
1441 134 1560 238 nora.
1790 252 1795 257 ,
1875 179 1928 243 iss

238 311 386 379 carausii
401 329 478 374 ean„
502 324 624 381 quarum
644 327 732 369 eausa
750 311 856 383 aliquid
870 311 905 367 de
923 308 1065 380 exsequiis
1080 317 1103 378 Α
1119 326 1220 376 rogare
1232 327 1284 381 pro
1296 308 1369 373 aliis,
1384 309 1430 380 qui
1447 307 1530 364 uobis
1542 325 1600 364 non
1623 307 1794 364 sufficimus.
1812 307 1931 383 Suseipe,
1996 376 1997 381 .

208 382 214 389 ’
239 391 439 448 detunctorum
462 379 589 437 dicemus
615 383 726 439 duobus
751 384 798 439 hic
825 381 972 452 descriptis
986 396 1065 436 esae-
1119 382 1251 446 Domine,
1268 381 1393 437 animam
1408 379 1534 436 servitui
1550 380 1668 447 ἡμεῖς.
1689 380 1819 449 Praelatio
1832 390 1933 447 postse-

241 462 373 534 quiamm
384 449 499 518 officiis,
512 470 568 508 uno
579 470 612 509 ex
624 456 786 517 Codicems,
797 453 960 510 llhcmeosi.
976 453 1066 507 altero
1117 453 1257 524 pallarum
1273 470 1279 508 :
1294 451 1550 508 Debitumhnmani
1566 451 1690 521 corporis
1706 451 1858 523 sepeliendi
1879 454 1934 508 olss·

241 549 274 590 ex
290 530 392 587 Codice
406 545 462 585 ms.
475 525 589 582 liutoldi
604 526 725 583 abbatis.
736 526 781 584 Sic
795 525 881 598 igitur
899 522 1068 582 [thamensis
1120 524 1195 580 cium
1212 523 1340 580 fidelium
1357 540 1435 579 more
1458 524 1643 594 consolantes,
1666 524 1755 579 Deum
1778 523 1822 578 cui
1845 526 1935 581 omnia

240 603 357 659 Codex:
1120 596 1219 650 uiuunt
1231 596 1353 651 fideliter
1367 597 1561 664 deprecemur.
1583 595 1675 651 uthoc
1702 610 1805 665 corpus
1828 612 1844 649 a
1863 596 1935 652 nohis

278 672 394 743 «Incipit
409 669 527 743 officium
535 686 586 740 pra
597 668 743 741 defunctis,
759 668 794 724 in
817 668 917 740 primis
940 672 1068 721 cantatur
1121 666 1150 722 in
1163 666 1330 722 infirmitate
1340 671 1463 736 septum.
1475 666 1503 721 io
1520 665 1765 721 virtuteelordine
1780 671 1935 723 sanctorum

240 745 365 802 Psalmis
378 744 408 798 ln
422 742 498 798 exitu
512 740 608 798 lsrael.
620 757 678 796 cam
687 741 852 811 Antiphone,
867 740 908 794 oct
924 737 1065 794 Alleluia:
1122 739 1279 803 resuscitet,
1296 744 1327 793 ut
1348 740 1410 810 ejus
1424 737 1556 807 spiritum
1571 743 1600 793 et
1623 737 1752 793 fidelibus
1773 738 1872 807 jubeat
1895 754 1935 809 ag·

240 815 404 872 Deindchas
421 814 565 869 Orationes
578 818 670 866 mutat
681 830 744 884 pres
779 820 841 866 ter:
1121 810 1245 880 gregori,
1269 809 1370 879 coique
1392 808 1548 880 injudicio
1569 807 1799 863 misericordiam
1828 810 1935 871 tribuat,

279 886 362 941 «Pia
391 882 596 941 recordationis
623 883 737 947 ellectu,
770 884 866 937 'ratres
896 878 1067 943 charissimi,
1122 879 1712 952 quemquemorteredemptum,debitum
1738 878 1812 952 [Lep.
1837 880 1936 954 debito]

241 956 548 1014 commemorationem
571 953 711 1010 iaciamus
726 954 781 1027 47
787 954 815 1024 9
829 951 888 1008 cari
914 951 1001 1006 nostri
1025 950 1067 1005 ill.
1122 953 1249 1010 solutum
1266 951 1343 1006 l'atri
1363 951 1586 1016 reconciliatum,
1604 950 1669 1005 boni
1684 952 1807 1021 pastoris
1822 950 1937 1008 humeris

242 1047 329 1102 quem
345 1028 485 1083 Dominus
508 1026 543 1080 de
556 1025 763 1080 tentationibus
790 1024 883 1080 saeculi
904 1022 1068 1093 assumpsit,
1124 1023 1426 1095 reportatum,spirilu
1451 1033 1551 1077 sancto
1575 1022 1785 1093 protectuni,in
1810 1022 1937 1079 comitatu

164 1118 170 1125 ·
243 1096 659 1157 obsecrantesmisericordiam
675 1095 840 1159 Deinostri,
860 1099 893 1149 ut
914 1093 968 1165 ipsi
989 1092 1071 1148 retri·
1122 1094 1436 1165 aeterniregisperenni
1452 1094 1597 1164 gandioet
1617 1098 1783 1148 sanctorum
1805 1094 1937 1150 consortio

244 1173 329 1227 haere
344 1171 477 1243 dignetur
499 1167 644 1239 placitam,
666 1167 794 1238 quintam
809 1165 989 1221 mansionem
1002 1181 1009 1230 ;
1027 1180 1068 1219 re·
1123 1163 1231 1293 Berlrui
1242 1167 1389 1220 concedat.
1406 1165 1632 1223 PerDominum.
1642 1164 1831 1236 Omnipotens
1844 1177 1938 1221 aterne

244 1244 342 1298 mittat
353 1258 454 1297 omnes
464 1238 576 1295 lubricae
589 1238 759 1294 temeritatis
781 1238 905 1293 offensas
927 1240 987 1302 3ut,
1003 1251 1068 1290 con·
1149 1253 1207 1297 ens,
1221 1237 1269 1306 qui
1280 1236 1408 1291 humano
1417 1237 1554 1308 corporis
1568 1242 1594 1293 te
1605 1236 1666 1307 ipso
1675 1235 1938 1306 animaminspirare

245 1313 433 1385 cessaplcnae
461 1308 648 1381 indulgentiae
675 1309 768 1376 uenia,
798 1309 865 1380 quid
889 1308 936 1362 nid
963 1307 991 1388 in
1016 1308 1070 1361 hoc
1124 1309 1381 1378 dignatusesetc.
1408 1309 1582 1379 Redemptor
1594 1308 1759 1364 animarum
1777 1308 1859 1372 Deus,
1871 1311 1939 1362 ater·

244 1327 952 1455 sreculopropriuserrorattulit,totumineiiahili
984 1381 1070 1433 relate
1125 1380 1247 1434 uitatem
1263 1380 1387 1434 concede
1408 1378 1521 1443 functis,
1539 1384 1595 1435 etc.
1624 1379 1867 1435 Commendamus
1885 1378 1937 1443 tibi,
1996 1424 1997 1435 .

246 1473 279 1514 ac
292 1455 468 1526 benignitate
490 1470 542 1509 saa
564 1457 740 1523 compenset.
769 1453 820 1508 Per
846 1452 928 1506 Dom.
955 1396 1072 1505 doliana
1126 1450 1257 1511 Domine,
1272 1449 1401 1505 animam
1419 1450 1515 1506 fratris
1531 1449 1621 1506 nostri
1637 1450 1767 1515 itt.,etc.
1790 1449 1876 1532 480
1898 1449 1940 1506 lli·

246 1528 391 1599 sequitnr:
418 1524 476 1580 Diri
504 1522 630 1578 vulneris
656 1523 784 1579 novitate
807 1521 937 1594 perculsi,
958 1526 986 1576 et
1000 1536 1072 1590 quo·
1125 1521 1270 1603 grantium
1291 1520 1453 1577 innomine
1480 1525 1529 1577 tiro
1549 1524 1586 1577 de
1606 1522 1659 1578 hac
1684 1521 1811 1576 instabili
1834 1527 1860 1576 et
1887 1525 1940 1577 tam

246 1598 404 1655 dammodo
423 1595 556 1652 cordibus
581 1594 709 1661 sauciati,
735 1593 961 1649 misericordiam
979 1595 1071 1657 tuam,
1126 1600 1233 1649 incerta
1246 1591 1683 1663 sempiternamillamritnmac
1695 1593 1826 1648 laetitiam
1834 1592 1942 1649 coelesti·

246 1668 348 1726 mundi
364 1669 546 1748 Redemptor,
560 1665 690 1722 fidelihus
713 1665 829 1721 vocibus
841 1665 1074 1734 imploramus,ut
1091 1665 1180 1737 gbus
1195 1668 1300 1734 presta
1314 1664 1434 1719 sairam.
1449 1664 1503 1720 Per
1521 1665 1676 1720 Dominum
1694 1670 1834 1720 nostrum.
1851 1684 1864 1711 n

247 1741 327 1798 chari
335 1737 426 1795 nostri
438 1753 578 1803 animam,
587 1741 641 1793 etc.
650 1737 919 1819 Collectoscqnilar:
932 1732 1072 1797 Tonobis,
1165 1735 1307 1790 Hactenus
1322 1735 1448 1791 officium
1463 1737 1618 1806 sepultura
1633 1753 1666 1793 er
1679 1736 1778 1791 codice
1791 1734 1940 1790 lthemensi.

247 1809 677 1879 Domine‚auxiliumprrestare
701 1808 836 1878 digneris,
864 1812 894 1862 tu
915 1822 1009 1877 opem,
1043 1808 1074 1858 tu
1128 1806 1941 1877 lnquodhrecpancalanotandasunt,elinprimishac

246 1881 476 1939 misericordiam
496 1878 637 1950 largiaris.
654 1878 791 1949 Spiritum
806 1878 894 1934 etiam
919 1876 1021 1932 famuli
1034 1875 1075 1930 tui
1128 1877 1399 1943 verbanelatleluin,
1416 1877 1771 1949 exquibusconstatolim
1804 1876 1942 1932 translati·
1996 1870 1997 1883 ¹

248 1954 292 2013 ill.
308 1970 341 2009 ac
351 1951 431 2009 chari
449 1951 609 2007 nostrietc.
626 1950 695 2004 lieni
708 1950 766 2004 alic
780 1968 787 2005 :
802 1948 929 2020 Suscipe,
944 1946 1074 2013 Domine,
1130 1949 1285 2005 tiseroeem
1302 1948 1330 2003 in
1346 1950 1548 2005 detunctorum
1564 1950 1693 2005 osticium
1706 1966 1762 2004 oon
1779 1948 1861 2005 luisse
1882 1965 1940 2018 pra·

248 2025 378 2081 animam
394 2021 520 2078 servitui
536 2024 725 2077 revertentem
741 2021 778 2075 ad
793 2022 867 2077 tede
885 2019 999 2091 AEgypti
1014 2034 1076 2089 par·
1129 2020 1304 2079 termissam.
1319 2021 1354 2075 ob
1367 2020 1496 2076 laetitiam
1512 2037 1576 2091 quae
1591 2021 1643 2075 toti
1670 2019 1802 2076 Ecclesiae
1815 2036 1848 2075 er
1865 2023 1941 2074 morte

248 2096 333 2162 tibus,
359 2094 586 2167 proticiscentem
621 2094 709 2148 adte.
730 2091 822 2148 limite
852 2093 975 2162 Angelos
1012 2094 1076 2144 tuos
1130 2093 1274 2148 iustorum
1287 2091 1559 2153 obrenil,utridere
1574 2093 1702 2162 estapnd
1718 2099 1845 2147 sanctum
1861 2091 1941 2146 lliero·

249 2170 364 2224 sanctos
384 2165 414 2220 in
439 2165 553 2219 obviarn
571 2163 622 2227 illl,
650 2168 679 2218 et
705 2162 766 2218 vias
777 2163 897 2236 justitias
909 2164 1077 2217 demonstra
1132 2180 1262 2234 aymam,
1274 2162 1302 2217 in
1318 2163 1463 2234 epitaphio
1479 2164 1621 2219 Fabiolae:
1645 2165 1681 2217 Et
1692 2165 1754 2235 jam
1779 2164 1852 2234 [anic
1862 2164 1941 2216 oolam

250 2240 286 2307 ei,
299 2243 352 2294 ete.
362 2236 431 2292 item
440 2235 576 2307 Praefatio
585 2235 790 2305 defunctorum:
803 2234 920 2304 Antiqui
934 2247 1077 2288 memores
1131 2235 1206 2291 tanti
1220 2236 1377 2305 pronuntio
1390 2235 1487 2297 luctus,
1505 2239 1587 2290 totins
1601 2235 1679 2289 urhis
1691 2236 1823 2305 popnlum
1836 2233 1868 2288 ad
1883 2249 1942 2288 cnse·

250 2307 444 2379 chirographi,
460 2305 562 2361 iratres
573 2305 760 2370 dilectissimi,
777 2322 833 2376 quo
853 2305 936 2376 primi
952 2303 1078 2359 hominis
1131 2309 1208 2377 qeins
1220 2306 1399 2377 congregabat
1415 2327 1424 2362 :
1440 2306 1568 2360 sonabant
1578 2307 1696 2371 Psalmi,
1717 2314 1742 2361 et
1764 2313 1860 2359 carata
1885 2312 1941 2359 terta

250 2383 378 2453 peccato,
390 2382 419 2434 et
428 2376 604 2447 corruptioni
617 2376 732 2431 addicta
742 2380 785 2432 est
800 2377 928 2431 humana
940 2375 1076 2436 conditio,
1133 2379 1291 2448 temptorum
1302 2378 1452 2432 inanitione
1462 2379 1597 2448 quatiebat
1610 2377 1739 2433 alleluia.
1754 2377 1836 2431 ¹lleec
1849 2375 1940 2431 latitia

251 2451 396 2522 subcujus
410 2449 487 2522 leges
500 2448 537 2503 ibi
557 2447 751 2519 unnsquisque
765 2447 904 2503 formidat
931 2448 1008 2529 quod
1030 2445 1079 2502 alii
1133 2465 1214 2504 roxa
1229 2447 1335 2504 Graecis
1350 2448 1462 2503 canitur
1484 2449 1511 2503 ia
1527 2448 1643 2517 liturgia
1665 2450 1703 2511 εἰς
1731 2449 1900 2520 κοιμηθέντας,
1918 2446 1941 2501 id

251 2522 388 2579 accidisse
413 2519 518 2584 rideat,
541 2518 752 2590 Omnipoteotis
772 2519 821 2575 Dei
850 2516 1078 2574 misericordiam
1134 2524 1187 2585 est,
1203 2521 1238 2574 dc
1254 2519 1298 2574 his
1313 2519 1360 2589 qui
1377 2519 1568 2585 dormierunt,
1588 2520 1671 2575 haita
1685 2520 1818 2589 Epistola
1828 2518 1941 2573 lectione.

251 2595 438 2665 deprecemur
451 2590 610 2663 prospiritu
630 2590 707 2645 chari
724 2590 825 2655 nostri,
838 2591 920 2663 cujus
932 2588 1016 2645 hodie
1032 2590 1080 2644 de·
1134 2591 1273 2646 Posthaec
1290 2592 1386 2653 rerba,
1404 2591 1502 2646 Cantor
1513 2591 1661 2663 presbyter,
1686 2592 1798 2646 ridetur
1820 2592 1907 2645 deesse
1918 2592 1941 2639 el
1996 2582 1997 2597 ¹

251 2664 355 2738 positio
362 2664 523 2719 celebratur
535 2666 566 2717 ut
576 2677 643 2718 eum
656 2661 684 2717 in
700 2666 806 2718 aterna
820 2661 918 2733 requie
932 2660 1078 2730 suscipiat,
1134 2662 1276 2733 Praefatio,
1291 2661 1426 2732 quianon
1443 2667 1486 2717 est
1497 2662 1558 2717 triac
1572 2663 1682 2727 Oratio,
1696 2663 1745 2718 sed
1761 2661 1893 2717 Orationis
1904 2660 1942 2714 de
1996 2664 1997 2715 ζ

252 2741 282 2793 et
306 2737 391 2791 beata
418 2733 627 2789 resurrectione
650 2736 842 2816 representet
872 2732 934 2788 Per.
964 2732 1081 2787 Collecta
1135 2733 1288 2800 nuntiatio,
1302 2735 1547 2803 quemadmodum
1568 2734 1642 2795 inira
1654 2735 1792 2804 scriptum
1807 2737 1867 2788 est:
1886 2731 1941 2786 ltin
1996 2732 1997 2791 i

252 2822 325 2863 nnnc
346 2807 471 2877 sequitur
498 2823 507 2860 :
537 2805 621 2869 Deus,
649 2805 793 2887 quujustis
826 2802 1080 2874 supplicationibus
1135 2805 1267 2875 Praefatio
1288 2804 1488 2874 desonam-um,
1504 2806 1644 2876 siqnidem
1661 2810 1707 2860 est
1722 2803 1892 2860 denuntiatio
1903 2818 1942 2857 seu
1996 2808 1997 2883 1

252 2882 411 2951 praesides,
427 2875 533 2947 quipia
549 2880 616 2931 sota
636 2876 763 2947 dignaris
783 2874 898 2942 intueri,
914 2875 951 2929 da
971 2874 1080 2929 iamalo
1135 2876 1265 2932 invitatio
1282 2876 1435 2947 presbyteri
1451 2893 1499 2946 per
1522 2894 1608 2946 quam
1642 2876 1747 2931 invitat
1769 2880 1896 2947 poputum
1912 2874 1941 2927 ad
1996 2892 1997 2919 1

253 2947 562 3020 tuoN.,cujusdiem
587 2946 774 3016 depositionis
799 2945 884 3001 hodie
912 2945 1006 3000 oflicia
1034 2945 1081 3018 pia
1135 2944 1941 3019 orandum,quemadmodumsupranotauimusadleriam
1996 2944 1997 3011 l

253 3023 434 3095 praestamus,
445 3035 511 3074 cum
527 3018 727 3089 sanctisatque
739 3016 836 3073 clectis
857 3016 913 3072 tais
928 3017 1003 3072 beati
1020 3033 1081 3071 mu·
1097 3046 1120 3109 c
1135 3023 1268 3091 quartam
1284 3019 1402 3091 majoris
1418 3019 1621 3075 hebdomades.
1996 3072 1997 3075 ,

255 3092 332 3148 neris
371 3089 522 3146 ortionem.
545 3088 684 3144 Dicuntur
697 3106 728 3143 aa
747 3087 829 3145 itala.
854 3088 885 3142 ln
899 3088 1038 3152 memoria,
1054 3095 1081 3143 et
1171 3091 1267 3160 ltaque
1282 3089 1310 3144 in
1338 3090 1426 3144 sacris
1452 3090 1505 3145 hoc
1535 3107 1640 3145 nomen
1668 3090 1804 3146 Prmlalio
1827 3087 1941 3143 bifariam
1996 3104 1997 3115 ¹

254 3162 328 3235 rei.;
374 3160 619 3224 cindasiuntho,
650 3105 1082 3226 etreffflcsnltentsanetifft
1136 3161 1267 3231 usurpari
1281 3162 1440 3215 notandum
1456 3167 1509 3226 est,
1532 3161 1625 3232 primo
1642 3179 1695 3231 pro
1720 3161 1768 3216 illa
1785 3159 1940 3221 praelatione,
1996 3162 1997 3233 ξ

254 3235 307 3290 rel.
323 3249 333 3297 ,·
347 3231 472 3288 Pretiosa
483 3236 532 3298 cst,
559 3238 584 3286 et
598 3229 648 3285 rel.
664 3247 674 3296 ;
689 3231 873 3286 Exsultobnnt
893 3230 1015 3285 sanctiet
1028 3228 1080 3285 rel.
1136 3250 1185 3289 sea
1199 3232 1357 3303 gratiarum
1375 3233 1497 3297 actione,
1513 3239 1541 3289 et
1561 3234 1751 3304 dispositione
1764 3233 1799 3287 ad
1815 3245 1941 3286 cousecra-
1996 3238 1997 3305 q

255 3302 1080 3374 itineratioantequnmadsepulcramdeseratar.Prasatio.
1136 3304 1257 3369 tionem,
1273 3319 1336 3373 quae
1352 3303 1460 3358 Canoni
1474 3304 1565 3359 lllissae
1581 3305 1717 3376 praernitti
1729 3299 1940 3367 solet3secuudo
1996 3326 1997 3333 .

256 3377 346 3432 Deum
354 3372 694 3446 jndiccmunirersitatis,
710 3375 799 3428 Deam
812 3372 968 3429 scelestium
987 3377 1016 3428 et
1027 3376 1081 3429 ter·
1137 3375 1245 3448 proilla
1260 3374 1485 3440 denuntiatione,
1497 3393 1546 3432 seu
1561 3375 1733 3431 inritatione
1749 3377 1784 3431 ad
1799 3373 1941 3429 orandumu
1996 3366 1997 3407 ³

256 3448 391 3504 restrium
411 3444 628 3501 etinlernorum
646 3444 799 3500 Dominum
823 3446 1008 3515 deprecemur
1031 3460 1083 3516 pro
1138 3447 1738 3518 presbyteropronuntinta,quaeCollectee
1766 3464 1812 3502 seu
1833 3441 1940 3499 Orationi
1996 3446 1997 3455 ¹

259 3516 365 3591 Spiritu
375 3516 453 3572 chari
470 3515 560 3571 nostri
571 3516 625 3582 itt,
637 3518 669 3570 ut
681 3532 747 3572 earn
760 3519 831 3572 Deus
845 3517 872 3571 in
888 3515 1017 3586 requiem
1027 3515 1083 3572 col.
1138 3516 1268 3590 praeponi
1286 3518 1367 3582 solet,
1379 3522 1410 3572 ut
1423 3518 1452 3572 in
1470 3519 1523 3573 hoc
1550 3518 1753 3574 detunctorum
1769 3516 1859 3573 olticio
1873 3514 1941 3569 laeile
1996 3536 1997 3571 3

257 3590 352 3645 locare
365 3589 507 3661 dignetur,
527 3586 598 3642 etin
613 3590 693 3658 parte
704 3587 1027 3658 primaeresnrrectionis
1041 3602 1085 3642 re·
1138 3594 1182 3646 est
1194 3588 1432 3644 animadvertere.
1459 3589 1561 3645 Postea
1582 3597 1743 3660 sequuntur
1770 3586 1892 3659 capitella
1903 3582 1940 3655 qui
1996 3582 1997 3657 ζ

258 3659 384 3717 suscitet.
415 3659 468 3715 Per
488 3658 641 3714 Dominum
666 3664 797 3714 nostrum
815 3659 911 3713 lesum
931 3655 1082 3715 Christum.
1138 3666 1205 3716 sunt
1216 3660 1344 3716 versiculi
1358 3660 1528 3730 quidanr‚nt
1543 3678 1576 3716 ex
1592 3661 1716 3732 ipsomet
1731 3660 1823 3717 allicio
1837 3660 1939 3713 consta.
1996 3678 1997 3695 1

259 3731 375 3790 collecta
392 3730 535 3801 sequitur:
552 3732 600 3795 Tc,
616 3729 738 3785 Domine
752 3735 860 3792 sancte,
882 3728 967 3784 Pater
987 3729 1086 3785 Omni·
1140 3733 1218 3788 lderu
1231 3736 1309 3803 patet
1327 3748 1361 3787 ex
1387 3731 1508 3786 concilio
1535 3733 1701 3803 agathensi,
1727 3748 1789 3788 can.
1804 3732 1837 3784 32
1855 3752 1860 3782 :
1875 3728 1907 3782 lit
1918 3727 1942 3779 in
1996 3702 1997 3793 i

258 3807 371 3875 potens,
400 3807 506 3858 aeterne
532 3802 618 3865 Deos,
645 3801 785 3872 supplices
819 3801 1007 3871 deprecamur
1022 3818 1086 3872 pro·
1139 3804 1803 3860 conctrcsionematutinorumoetoesnertr'naram
1816 3801 1940 3857 itinerari

258 3874 358 3946 spiritu
377 3872 479 3928 famuli
504 3871 644 3937 tuiillias,
662 3889 749 3943 quem
769 3871 978 3943 aboriginibus
999 3872 1085 3942 hujus
1137 3883 1196 3947 post
1211 3874 1322 3946 hymnos
1343 3874 1471 3944 capitella
1490 3875 1521 3929 dc
1549 3876 1665 3930 Psalmis
1691 3868 1939 3940 dironromrplels,
1996 3908 1997 3943 ,

259 3945 354 4002 seculi
370 3944 405 3999 ab
430 3948 458 3999 te
482 3942 618 3999 arcessire
646 3942 819 4027 praecepisti,
849 3948 903 3999 etc.
928 3943 992 3998 item
1016 3961 1086 3999 ncnc
1139 3947 1250 4001 catheto
1265 3946 1403 4005 Oratione.
1417 3947 1611 4013 orloesperom,
1625 3950 1658 4001 ab
1681 3947 1800 4017 ciriacupo
1811 3960 1864 3998 can
1874 3941 1940 3995 aar·
1996 3966 1997 4017 ἦ

258 4015 392 4086 Prasatio
406 4038 412 4069 :
427 4013 638 4086 Omnipoteotis
653 4013 879 4070 misericordiam
889 4015 1084 4085 deprecemur,
1139 4018 1257 4073 dictione
1284 4018 1452 4072 dimittutmn
1475 4018 1605 4073 Sumitar
1618 4020 1706 4074 etiam
1723 4033 1773 4088 pro
1786 4015 1940 4071 Colicclaseu
1996 4026 1997 4083 l

259 4088 340 4158 cujas
347 4086 456 4159 judicio
474 4090 525 4141 aut
543 4086 691 4141 nascimur
703 4090 752 4141 aut
766 4084 901 4151 finimur,
914 4086 1084 4155 utspiritum
1140 4090 1288 4154 Oratione,
1304 4088 1459 4159 Gregorius
1475 4090 1657 4145 Turonensis.
1672 4090 1722 4145 lib.
1736 4106 1755 4156 i,
1776 4089 1810 4143 de
1824 4080 1940 4139 ltiraeulis
1996 4100 1997 4133 r

260 4158 359 4214 fratris
372 4157 623 4228 nostriill.,quem
648 4157 761 4212 Domini
789 4156 879 4227 pietas
906 4157 941 4211 de
960 4157 1085 4214 incolatu
1140 4160 1442 4230 sanctiltartini,cap
1460 4160 1477 4214 ὅ
1494 4176 1499 4215 :
1516 4161 1940 4231 Namnoreritisfratrenncuu
1996 4146 1997 4159 ¹

258 4229 362 4285 mundi
375 4229 460 4299 hujus
474 4228 597 4283 transire
616 4228 756 4299 praecepit.
773 4230 884 4299 requies
904 4232 1011 4284 aeterna
1026 4245 1085 4284 sus·
1140 4232 1467 4287 Martinurnsacerrtotcm
1489 4248 1621 4302 egressam
1649 4234 1734 4304 fnisse
1748 4232 1778 4286 de
1791 4238 1939 4298 corporane
1996 4224 1997 4259 1

259 4300 356 4371 cipiat,
373 4307 479 4355 eleum
496 4299 796 4356 beatarcsurreetione
818 4303 981 4370 praesentet,
1006 4305 1034 4355 et
1055 4300 1084 4355 in
1139 4310 1229 4358 autern
1243 4303 1299 4373 ejas
1309 4304 1405 4373 funeri
1418 4302 1474 4357 obn
1494 4305 1570 4359 aiam
1582 4305 1737 4375 prebuisse,
1759 4307 1901 4372 peractoque
1916 4309 1941 4347 eu

182 4376 188 4381 '
260 4371 369 4427 sinibus
386 4370 1086 4441 Abrahae,lsaac‚Jacobeollocaredignetur.Per
1140 4391 1212 4429 marc
1236 4374 1358 4441 servitio,
1383 4321 1536 4445 capitelium
1564 4375 1637 4430 nodis
1661 4372 1839 4431 excitantibus
1851 4381 1940 4423 nanee
1996 4374 1997 4409 1

260 4440 418 4498 Dominum
434 4445 574 4496 nostrum.
584 4440 705 4500 Colleeta
718 4443 843 4513 requitur
859 4442 961 4503 :Deus
971 4442 1086 4513 quinni-
1101 4414 1125 4474 D
1138 4445 1221 4517 pleni.
1236 4445 1373 4509 l'eridius,
1389 4443 1417 4499 io
1431 4446 1529 4517 regola
1540 4446 1760 4510 monachorum,
1776 4461 1803 4499 n.
1817 4442 1847 4497 nt
1869 4438 1941 4498 :rer
1996 4450 1997 4471 ¹

259 4517 528 4570 versorumcreator
549 4511 717 4569 etconditor
732 4530 772 4578 es,
787 4513 835 4584 qai
850 4529 916 4568 cum
931 4514 1085 4570 sistnorum
1141 4517 1336 4589 [ectisdiisain
1357 4516 1437 4571 dicite
1463 4518 1617 4572 llatatinor
1641 4517 1800 4574 directaneo.
1827 4507 1940 4566 lirallabo
1996 4522 1997 4581 p

260 4585 408 4641 beatitudo
420 4588 586 4640 sanctorum
615 4589 720 4655 praesta
743 4584 826 4640 nobis
840 4585 1011 4655 petentibus,
1030 4590 1083 4641 etc.
1141 4594 1178 4656 te,
1208 4591 1280 4643 Dens
1311 4593 1435 4643 meuset
1454 4590 1646 4644 Resheinde.
1676 4582 1860 4646 Confitemini.
1886 4576 1940 4633 lade
1996 4584 1997 4635 l

261 4656 328 4712 Item
359 4656 456 4712 Oratio
478 4656 513 4710 ad
535 4655 687 4727 repuleram
712 4657 878 4728 prinsquam
901 4656 1083 4726 sepeliatur:
1140 4660 1296 4715 Cantemus
1313 4659 1443 4714 Domino.
1463 4660 1567 4717 tanda.
1585 4661 1683 4715 aniina
1699 4676 1772 4721 mea,
1795 4653 1935 4711 Dominum.
1996 4646 1997 4697 l

260 4726 392 4793 Oramus,
409 4728 513 4782 iratres
521 4726 691 4792 charissimi,
715 4744 764 4798 pro
782 4726 881 4799 spiritu
896 4727 974 4781 chari
996 4727 1086 4783 nostri
1140 4730 1784 4801 Benedictionemllcg.Derieitictioacleaudate
1799 4723 1937 4780 Dominum.
1996 4712 1997 4797 l

260 4798 316 4863 ill,
332 4816 417 4870 quem
433 4799 568 4854 Dominus
585 4798 619 4853 de
633 4799 735 4870 laqueo
750 4798 835 4869 hujus
854 4798 950 4854 saculi
967 4799 1087 4856 liberare
1141 4789 1938 4860 decoelis.TeDenrnlaudamus.Glorininexeelsisdt
1996 4800 1997 4875 l

261 4870 396 4942 dignatus
411 4869 759 4996 est,cu'guscorpuseulam
779 4869 1085 4941 hodiescpultureetra·
1141 4874 1266 4946 capitello
1280 4873 1353 4945 (lege
1365 4874 1535 4945 capitellan)
1551 4879 1626 4929 orani
1638 4867 1937 4940 Dominiramedicator¹
1996 4896 1997 4923 ,

260 4942 480 5010 detur‚uteum
522 4941 926 5013 ominipietasintcrsanctos
945 4942 1088 4998 etelectos
1142 4945 1284 5001 Posthac
1300 4946 1395 5009 rerba,
1420 4944 1584 5016 Priusquam
1598 4946 1755 5016 sepeliatur,
1772 4934 1937 5011 rideturdest·
1996 4944 1997 4999 l

260 5030 337 5081 suos,
357 5013 480 5070 idestin
493 5013 566 5073 sinu,
579 5013 751 5072 abrahaei
765 5012 853 5078 lsaae,
871 5017 899 5069 et
921 5014 1016 5080 Jacob,
1033 5014 1089 5070 col·
1143 5016 1234 5072 denari
1251 5021 1280 5069 τό
1292 5016 1437 5087 Praefatio.
1450 5016 1522 5070 Nam
1538 5017 1598 5072 brec
1622 5034 1683 5089 qnae
1710 5013 1841 5087 sequitur,
1859 5007 1937 5061 urano
1996 5004 1997 5031 1

260 5085 358 5144 locare
368 5087 512 5157 dignetur,
524 5087 553 5141 et
572 5089 683 5156 partem
707 5085 812 5140 habeat
835 5083 864 5139 iu
888 5085 981 5156 prima
996 5102 1089 5141 resur·
1143 5092 1263 5146 nonest.
1279 5089 1328 5142 sed
1341 5086 1485 5142 l’raeiatio.

260 5156 387 5213 rectione
402 5158 438 5211 ad
472 5173 539 5221 uam
550 5155 642 5211 tactos
657 5159 711 5222 est,
728 5156 964 5212 orantibusnobis
975 5173 1024 5229 per
1038 5159 1088 5212 Do·
1180 5159 1228 5215 llis
1240 5158 1280 5214 ita
1292 5158 1665 5215 elucidatisexseribendum
1680 5163 1721 5215 est
1731 5154 1848 5212 osticium
1863 5141 1938 5217 sepul·

259 5227 373 5283 minum
409 5174 659 5283 Coiiectae‘asdem
683 5228 810 5300 sequitur
837 5242 843 5284 :
872 5229 948 5298 Opus
979 5228 1088 5284 miseri·
1144 5220 1936 5287 turinerCod.ms.Ratoldinbhatisinhiincmodumt
1996 5286 1997 5293 ἵ

260 5299 364 5357 cordiae
383 5301 440 5356 tooe
470 5303 525 5370 est,
551 5246 639 5356 i’ater
672 5297 860 5371 Omnipotens
880 5303 985 5356 aeterne
1003 5302 1088 5367 Deus,
1145 5303 1318 5375 «Incipiunt
1337 5303 1481 5362 Orationes
1510 5302 1539 5357 in
1558 5303 1661 5373 menda
1692 5306 1859 5355 matriacum.
1885 5288 1937 5342 Clu

260 5450 311 5523 Ep.
334 5450 379 5515 33,
400 5449 608 5517 addiethiam
639 5449 1006 5520 Benedictoeconjaoirtuae
1029 5456 1090 5509 arri·
1179 5454 1246 5509 ·nd
1266 5453 1324 5509 hro
1346 5451 1436 5508 reterri
1458 5457 1547 5523 potest
1578 5453 1650 5524 qnod
1677 5452 1772 5523 legitor
1793 5441 1857 5516 apud
1879 5434 1935 5512 Vici·

260 5538 335 5577 mam
349 5524 478 5590 resecasti,
494 5523 523 5577 in
539 5522 618 5577 illam
631 5523 844 5592 transfundente
867 5521 972 5577 Christi
993 5540 1087 5593 manu,
1142 5524 1210 5592 vii,
1227 5525 1295 5581 llist.
1306 5524 1426 5578 Vandal.
1443 5530 1590 5594 persecat,
1602 5541 1661 5597 cop.
1680 5528 1694 5577 ὅ
1710 5538 1715 5577 t
1731 5520 1791 5589 Quis
1806 5528 1861 5571 acro
1869 5511 1933 5591 111111·

261 5609 321 5664 qaoe
336 5597 383 5647 tan
397 5595 566 5663 pauperinus
579 5593 774 5664 erogabantur.
802 5593 834 5646 Et
848 5591 876 5645 in
899 5590 952 5645 line
967 5593 1087 5665 ejusdem
1143 5603 1217 5655 neat.
1231 5614 1263 5651 ac
1277 5596 1361 5666 possit
1371 5596 1431 5650 aine
1444 5576 1935 5666 lircryanisrerordari.cnmprarrpertl

262 5662 468 5732 epistolaeicm
490 5667 613 5737 pascitur
628 5663 684 5719 tuis
710 5662 838 5736 panibus,
864 5667 890 5718 et
915 5666 1008 5736 affluit
1035 5670 1089 5726 tais
1143 5653 1935 5736 nostrornmcorporndefunctui-ammirasolemnitatchytu·

263 5732 369 5803 ‘'Pilli-
1142 5756 1251 5809 noram,
1265 5755 1328 5798 cuni
1337 5738 1449 5796 silentio
1463 5738 1677 5811 adsepnltarnm
1688 5731 1808 5810 perducit
