4022 6174
171 256 176 267 ·
234 233 294 309 tit

493 196 499 203 ’
623 232 661 306 ιιι
679 242 713 306 s.
735 243 908 307 orneosu
927 240 1064 305 ιιιιιιιιι
1082 224 1407 308 sanaturumeuu
1428 240 1549 304 noro.

272 373 401 433 Secundo
426 375 711 431 commendationem
729 392 791 432 esse
817 376 984 432 Orationem
1006 392 1058 446 pro
1073 372 1098 441 Α
1114 373 1202 441 tinus,
1217 373 1266 430 lib.
1282 390 1309 430 ιι
1324 374 1463 439 consess,
1476 390 1539 443 cap.
1554 370 1598 427 13.
1613 370 1734 441 Namque
1758 369 1815 432 itta,
1841 370 1918 429 inmi-

235 447 366 504 mortuis.
380 446 510 501 Meminit
522 447 673 502 concitium
681 446 875 504 Milevitanum
888 465 916 513 n,
928 464 994 504 can.
1009 448 1057 503 tu:

235 519 296 574 Sive
310 517 499 588 Prmsotiones,
515 518 569 573 sive
583 518 829 583 comrnmdotioues,
856 521 911 573 siue
931 535 1060 574 manuam

236 588 418 660 impositiones
426 588 460 642 ob
473 589 595 644 omnibns
606 589 784 645 celebrentur.
798 590 831 645 Et
842 590 994 646 concilium
1008 592 1059 645 To-

235 659 364 719 letanum
380 674 416 721 tv,
433 677 498 715 can.
512 662 544 716 t2
561 676 566 715 ι
581 662 642 717 Com
680 661 893 727 nunturdlissae,
906 663 961 715 siue
988 678 1059 717 reses

234 730 276 786 oet
287 729 439 794 Orationes,
452 738 628 787 stueoommeo
648 734 761 787 ottones.
775 732 920 788 Estetiam
932 679 1058 790 ericium

234 817 287 929 Kpo
303 801 458 857 defunctis.
486 803 642 859 Concilium
666 804 834 874 carthagin.
858 820 981 866 111,cen.
1004 805 1057 861 aa:

264 889 308 927 om
319 874 344 926 si
353 873 510 945 aliquorum
522 874 710 945 pomeridiano
730 877 845 946 tempore
859 874 1057 946 defunctorum,

234 944 290 999 sive
304 943 549 1015 episcoporum,sen
560 947 734 1013 clericorum,
749 947 806 1001 sine
822 953 980 1002 ceterorum
992 963 1057 1002 rom·

234 1013 373 1071 mendatio
386 1016 512 1087 iaciendo
525 1022 573 1083 est,
585 1018 648 1072 solis
659 1016 896 1088 Orotr'onsbusfiot,
911 1019 937 1073 si
950 1019 998 1073 itti
1012 1019 1061 1090 qui

193 1104 196 1111 ·
235 1088 343 1159 faciunt
351 1104 411 1157 jam
426 1088 524 1158 pransi
536 1088 721 1143 inveniantur.

271 1158 365 1217 Tertio
378 1160 506 1213 notanda
521 1164 565 1214 est
590 1158 660 1214 lotio
677 1158 801 1229 corporis
826 1158 953 1215 defuncti
976 1159 1061 1231 Juxta

235 1228 386 1299 antiquam
399 1228 625 1285 Christianorum
636 1230 1060 1303 consuetudinemquideiuuc·

220 1298 272 1355 *tis
288 1299 386 1354 omnia
401 1300 513 1372 pietatis
528 1301 621 1356 officia
636 1302 769 1358 exhibere
783 1303 884 1365 solent,
904 1302 1059 1373 presertim

235 1372 273 1426 ob
289 1387 369 1442 spem
383 1370 486 1427 iuturus
498 1372 723 1439 resurrectionis,
739 1389 803 1445 qum
826 1375 862 1428 ab
872 1373 1010 1444 apostolis
1023 1374 1061 1429 ud

235 1456 288 1498 nos
311 1441 451 1508 manavit,
466 1448 498 1498 ut
513 1443 609 1499 videre
624 1444 842 1512 asistamus
863 1445 984 1500 Tabittra
996 1445 1061 1517 lap

235 1513 317 1585 pensi
345 1516 470 1571 mortus.
483 1530 546 1585 quse
562 1514 653 1570 sancti
669 1514 745 1570 Petri
760 1515 919 1570 ministerio
933 1516 1036 1571 revixit
1051 1532 1058 1572 :

236 1584 321 1650 Quom
337 1600 398 1639 earn
409 1583 544 1651 lavissent,
555 1593 702 1657 posterum
713 1602 773 1643 eom
783 1587 812 1640 in
820 1586 963 1643 maculo.
971 1588 1060 1669 Hujus

234 1653 351 1711 lotionis
378 1656 487 1712 mentio
511 1661 555 1712 est
576 1658 652 1728 apud
677 1657 840 1724 Eusebium,
861 1657 910 1713 lib.
936 1676 971 1712 ru
987 1660 1059 1713 Eist.

235 1726 317 1793 eost,
330 1742 393 1797 cup.
408 1729 451 1798 tr,
468 1743 503 1783 ex
519 1728 655 1800 Dionysio
667 1728 878 1785 Alexandrino:
893 1730 965 1795 Quin
979 1730 1061 1786 etiam
1076 1739 1098 1799 Β

235 1804 392 1854 sanctornm
406 1814 530 1870 corporo,
558 1798 685 1855 manibus
712 1800 806 1855 erectis
819 1801 976 1872 supinisque
990 1800 1059 1857 ecci·

234 1885 308 1941 pers,
334 1870 435 1941 premio
455 1886 503 1925 suo
524 1887 666 1942 reponere,
688 1870 825 1927 occludere
843 1873 942 1939 oeulos,
955 1889 1005 1928 oro
1019 1872 1062 1928 ob·

235 1947 341 2005 iterare,
358 1940 416 1996 illis
435 1941 631 2011 editoresmre,
654 1943 806 2014 complecti,
819 1942 937 2018 λουτροῖς
959 1949 1005 1997 καὶ
1019 1962 1062 1996 πε·

234 2011 368 2089 proratoris
382 2020 614 2085 κατακοσμοῦντες,
628 2013 657 2068 id
671 2018 723 2083 est,
738 2013 829 2069 tooure
851 2021 876 2070 st
890 2014 1007 2071 vestibus
1020 2016 1063 2070 in·

236 2082 316 2141 duere
336 2100 390 2139 non
437 2084 513 2139 orati
532 2092 605 2140 sunt.
626 2086 709 2155 Apud
725 2085 894 2156 (tragurium
917 2087 1062 2142 Turonen-

236 2170 382 2226 sem,cap.
430 2154 528 2211 lib.de
556 2155 622 2211 viis
644 2157 775 2219 Petrum,
804 2156 840 2213 de
862 2162 962 2212 sancto
982 2157 1064 2213 Gallo

232 2227 369 2281 Arverna
387 2225 641 2296 episcomerinde
659 2226 767 2282 oblutus
779 2226 867 2309 [483
883 2243 967 2299 arque
981 2229 1065 2284 oesti-

237 2294 465 2353 tueineeelesiom
486 2296 622 2367 defertur.
639 2298 675 2352 Et
698 2297 797 2354 multis
809 2299 873 2353 aliis
894 2298 972 2354 locis.
989 2299 1065 2356 Nihil

236 2366 391 2441 agiturhic
406 2367 563 2423 demortui
578 2367 705 2438 corporis
721 2369 863 2436 unctione,
888 2385 952 2441 quoe
967 2374 1065 2427 tamen

237 2436 1066 2584 titittitiittttttt”tt'ittmttuiti·

237 2583 353 2639 torum:

346 2670 516 2735 Aspersaque
533 2670 643 2735 myrrha
657 2669 750 2722 Sabaeo

347 2732 448 2798 Corpus
458 2733 635 2783 medicamine
646 2737 746 2789 servet,

239 2819 373 2895 Corippo,
388 2818 437 2876 tib.
453 2822 484 2876 iu
498 2819 528 2876 in
543 2819 659 2877 leudem
673 2820 778 2877 tustini
794 2820 928 2879 minoris:

286 2920 400 2971 mutum
411 2917 469 2970 aliae
482 2919 593 2982 species,
609 2922 804 2984 unguentaque
820 2920 884 2969 mire
897 2920 1028 2982 seruntur,

285 2983 400 3047 'tempus
413 2982 440 3030 in
451 2983 582 3031 ueternum
594 2994 701 3031 sacrum
716 2982 853 3032 servantia
866 2996 973 3048 eorpus.

240 3062 322 3130 Quod
337 3077 407 3117 sane
422 3060 508 3116 etiem
523 3061 553 3115 in
577 3060 741 3132 primordiis
770 3062 913 3118 nascentis
936 3064 1068 3122 Ecclesiae

241 3132 405 3191 factitatum
417 3131 503 3187 tuisse
515 3135 626 3187 constat
638 3148 672 3187 ex
685 3131 871 3200 Tertulliano,
883 3132 913 3189 in
927 3136 1068 3207 Apologe-

240 3206 317 3263 tice:
333 3205 428 3261 Tbnro
439 3204 522 3275 plone
537 3220 589 3258 non
603 3205 724 3259 emimus.
738 3203 770 3259 Si
778 3203 893 3261 Arabim
989 3214 1066 3279 ntur,

241 3277 325 3333 soient
337 3275 424 3331 Sabini
431 3274 524 3347 pluris
534 3281 558 3329 et
571 3274 783 3331 eboriorissuus
791 3292 893 3331 merces
923 3277 1067 3337 tristioris

241 3346 400 3420 sepeliendis
412 3345 568 3417 profiiqmi,
583 3362 664 3418 quom
680 3345 736 3401 diis
749 3346 926 3429 fumiqomiis.

278 3417 344 3475 Fuit
353 3418 411 3473 alia
425 3416 627 3474 detunctorum
642 3417 749 3475 unctio.
762 3419 895 3475 sedenter
908 3419 1068 3492 ipsssense·

243 3489 326 3564 quies
340 3506 416 3555 cum,
424 3487 527 3546 diuinis
535 3488 825 3560 hymnisdecaniatis‚
835 3493 949 3562 periris
960 3490 1064 3546 borus-

243 3566 291 3637 μὸν
306 3560 534 3633 inspiceremus
556 3579 571 3619 n
601 3565 605 3576 '
620 3563 681 3631 ῳτο
696 3560 806 3614 Oeensi
823 3563 958 3646 ἱοροὶρχιις,
969 3564 998 3619 id
1013 3569 1065 3631 est,

242 3639 307 3717 post
319 3632 522 3714 salutationem
529 3579 666 3687 iciticto
680 3631 771 3688 oleum
790 3632 918 3690 infundit
928 3634 1066 3706 pontifex,

242 3704 337 3776 inquit
351 3702 501 3776 Dionysius
515 3719 578 3773 cap.
591 3703 608 3758 7
619 3703 727 3759 Hieras.
756 3704 827 3760 eccl.
854 3704 922 3770 Oues
950 3707 1066 3777 quidem

242 3777 340 3833 unctio
349 3792 408 3831 non
420 3776 457 3831 sd
469 3773 616 3830 cadaveris
628 3774 874 3831 conseruationem
885 3775 914 3831 in
925 3794 977 3833 usn
992 3783 1065 3845 erat,

244 3849 293 3903 sed
303 3848 340 3903 ad
350 3846 556 3903 declarandum
566 3860 633 3901 eum
642 3845 847 3917 quidefnnctus
858 3849 965 3904 est'am
978 3850 1066 3907 sacris

244 3917 450 3975 certaminibus
474 3933 536 3974 esse
561 3916 701 3981 functum,
722 3865 966 4000 quemadmosium
999 3926 1066 3978 ante

243 3990 421 4061 baptismum
431 3987 495 4045 oleo
508 3988 602 4044 iuerat
617 3993 719 4044 unctus
733 4004 762 4044 ιιι
775 3988 799 4044 si
821 4006 889 4045 oum
904 3993 1068 4049 subeundo·

243 4076 311 4116 rum
325 4059 466 4188 {asmodi
478 4059 679 4118 certaminum.
693 4063 725 4114 ut
747 4005 847 4117 scribit
871 4061 948 4118 idem
964 4063 1067 4136 Diony-

245 4131 315 4190 sius.
353 4132 505 4188 astiterunt
519 4130 588 4188 olim
610 4132 727 4203 quidam
741 4130 875 4199 heretici,
909 4135 1067 4192 uosTbeo-

245 4205 371 4271 derebus,
385 4203 415 4258 in
426 4202 498 4258 libro
513 4218 522 4257 ι
537 4203 573 4257 dc
598 4200 725 4258 herene.
753 4203 866 4269 eruut,
917 4206 996 4262 aeresi
1021 4207 1066 4271 tit,

244 4276 417 4346 Ascodrytas
431 4278 525 4341 vocat,
541 4271 589 4344 qui
604 4272 754 4329 defunctos
767 4290 834 4329 suos
849 4278 1004 4348 ungebant,
1018 4278 1069 4333 sed

244 4344 452 4415 ususquadam
462 4342 664 4415 superstitione
676 4343 764 4411 ducti,
773 4351 1069 4417 quamnoiatsauctus

1113 453 1196 501 nente
1212 445 1255 500 dis
1269 446 1442 502 resolutionis
1455 460 1520 503 soae.
1532 461 1586 499 noo
1600 443 1727 513 euqilooit
1750 458 1840 513 eorpus
1851 459 1918 499 niun

1849 188 1914 303 ἰιι
1997 258 1998 303 ÷

1113 524 1262 589 sumptuose
1291 518 1402 589 oonteqi.
1433 515 1586 587 Gregorius
1611 512 1789 577 'l'uronensis,
1809 512 1857 568 lib.
1878 532 1919 572 ιιιι
1997 578 1998 581 ¹

1114 589 1198 653 Hist,
1217 606 1279 659 cap.
1295 591 1327 643 21
1343 606 1350 644 :
1367 590 1399 644 ln
1412 588 1523 642 basilica
1538 585 1615 641 urbis
1637 585 1762 641 Maiensis
1779 584 1876 655 sepulta
1888 594 1919 642 est

1113 660 1330 743 comprenditur
1339 660 1505 715 ornamentis
1516 666 1541 713 et
1553 657 1640 713 resulto
1653 673 1730 711 auro,
1755 655 1921 714 Constantini
1997 666 1998 685 ¹

1113 747 1213 804 magor
1227 749 1329 803 eorpus
1344 748 1485 802 purpurea
1502 728 1699 799 imperiatique
1713 731 1786 782 veste
1797 732 1824 783 ct
1836 728 1921 784 diade·

1114 808 1192 858 nnete
1206 808 1340 858 ornatum
1355 804 1516 859 etioeurea
1528 816 1613 871 capsa
1640 799 1778 854 inclusum
1792 799 1922 869 sepultum

1113 879 1166 939 est,
1183 878 1214 928 ut
1227 874 1324 930 scribit
1338 874 1481 937 Eusebius,
1504 872 1552 928 lib.
1567 888 1594 926 ιι
1609 872 1643 927 dc
1669 870 1732 926 Vite
1745 870 1920 936 constantim,

1113 961 1177 1017 cap.
1191 946 1236 1000 os.
1251 945 1333 1014 Queti
1349 950 1425 1001 reste
1449 949 1567 1000 ornatus
1585 942 1741 1013 imperator
1760 940 1922 997 lastinianus

1114 1016 1241 1087 sepultus
1253 1016 1349 1081 tuerit,
1367 1016 1407 1071 sic
1422 1015 1557 1072 describit
1578 1014 1727 1085 Corippus,
1743 1011 1790 1067 tib.
1805 1028 1814 1068 1
1828 1012 1854 1067 in
1867 1011 1923 1069 tau·
1997 1026 1998 1031 ’

1114 1088 1180 1144 dem
1195 1088 1296 1144 tustini
1309 1089 1428 1144 minoris
1443 1106 1450 1146 ε

1209 1176 1242 1227 Et
1251 1177 1312 1226 tutit
1325 1177 1454 1227 intextam
1469 1176 1586 1238 pretioso
1596 1173 1696 1223 murice
1705 1176 1811 1229 vestem,

1206 1239 1418 1290 iustinianorum
1429 1240 1510 1289 series
1526 1237 1569 1287 ubi
1581 1238 1639 1286 tots
1650 1235 1771 1286 laborum

1206 1302 1288 1352 Necto
1303 1302 1507 1366 euroinsignits
1518 1300 1577 1356 tuit,
1596 1299 1763 1361 gemmisque
1772 1309 1883 1347 corusca.

1207 1365 1262 1415 Iltic
1275 1365 1427 1414 barbaricas
1440 1366 1509 1415 itera
1518 1364 1620 1413 cervice
1633 1360 1788 1425 phalanges,

1207 1427 1314 1477 Occisus
1328 1440 1404 1492 reges
1417 1426 1605 1491 subjectasque
1621 1424 1715 1473 ordine
1726 1426 1816 1483 gentes

1207 1490 1303 1548 Pictor,
1318 1504 1367 1540 acu
1381 1492 1464 1547 tenui,
1484 1490 1569 1538 mittis
1580 1488 1742 1538 sorrrraverat
1756 1489 1818 1534 erte.

1207 1553 1315 1603 Fecerat
1332 1556 1359 1602 et
1371 1551 1476 1601 latrum
1489 1552 1587 1601 distare
1597 1547 1733 1599 coloribus
1743 1560 1844 1603 eurum,

1207 1615 1298 1665 Omnis
1312 1617 1343 1663 ut
1354 1615 1486 1678 aspiciens
1496 1627 1545 1664 ceu
1557 1624 1670 1676 corpora
1683 1623 1746 1660 vura
1761 1612 1860 1673 putaret

1208 1677 1315 1741 Eiiigies
1331 1689 1406 1735 auro,
1422 1677 1533 1740 sanguis
1543 1674 1698 1739 depingitur
1711 1675 1790 1723 ostro.

1208 1739 1218 1788 1
1239 1753 1295 1788 sum
1310 1745 1401 1789 autem
1412 1739 1439 1788 in
1454 1738 1543 1789 medis
1553 1739 1682 1787 victorem
1720 1735 1821 1784 inserat
1831 1731 1887 1783 auls

1230 1801 1295 1851 tiera
1307 1801 1444 1851 Vandalici
1459 1801 1607 1851 calcantem
1617 1798 1688 1848 cotta
1701 1750 1815 1861 ipranni

1210 1863 1382 1914 plaudentem
1396 1863 1503 1927 Libyam
1517 1862 1607 1925 fruges
1621 1861 1728 1911 taurum
1769 1873 1782 1909 o
1798 1858 1923 1910 iersnmm.
1997 1900 1998 1903 ,

1116 1924 1206 1999 484
1222 1926 1330 1976 addidit
1343 1927 1483 1990 antiquam
1499 1925 1653 1975 tendentem
1672 1924 1734 1972 brac
1755 1923 1899 1975 ‘ailemanu
1997 1952 1998 1965 ι

1209 1998 1305 2048 Exerto
1319 2002 1345 2047 et
1359 1997 1459 2046 nudam
1473 1999 1624 2061 gestantem
1641 1999 1747 2060 pectore
1769 2003 1900 2043 mammem

1210 2060 1332 2110 nitricem
1346 2060 1449 2124 imperii
1462 2058 1646 2121 libertatisque
1658 2059 1802 2121 parentem.

1210 2122 1272 2172 Haec
1282 2122 1342 2173 ideo
1357 2122 1412 2172 fieri
1426 2123 1504 2171 vivax
1515 2121 1652 2185 Sapientia
1665 2120 1756 2183 jussit.

1211 2184 1336 2235 Ornatam
1352 2188 1382 2235 ut
1396 2184 1510 2248 propriis
1525 2185 1605 2233 tanus
1620 2190 1712 2240 regate
1727 2178 1860 2244 triumphis

1210 2250 1359 2310 Augustum
1374 2248 1400 2296 in
1414 2247 1545 2297 tumulum
1562 2244 1650 2296 totalis
1661 2244 1841 2294 duceretbora

1118 2327 1180 2383 Non
1197 2327 1310 2399 dispare
1322 2326 1449 2397 sepuitns
1463 2331 1507 2382 est
1519 2331 1621 2382 ornatu
1636 2324 1757 2381 Carolus
1772 2324 1927 2401 tingerent
1997 2338 1998 2371 1

1119 2397 1232 2468 scripsit
1263 2398 1380 2469 quidam
1406 2394 1802 2468 monachusEngotismeosis
1826 2393 1851 2448 in
1877 2407 1927 2462 equs
1997 2430 1998 2467 3

1119 2468 1204 2524 Vite:
1219 2470 1322 2542 Corpus
1336 2471 1394 2542 ejus
1406 2470 1617 2525 orornatizotum
1632 2475 1682 2532 est,
1700 2475 1726 2522 ct
1741 2471 1772 2522 in
1785 2464 1840 2520 sede
1852 2478 1927 2519 aureo
1997 2486 1998 2499 ι

1117 2540 1286 2613 positumest
1303 2542 1334 2595 in
1358 2548 1510 2597 curvatura
1523 2538 1653 2612 sepulcri,
1667 2548 1729 2594 ense
1747 2535 1927 2616 oureooeeine·
1997 2540 1998 2607 f

1121 2619 1175 2677 tus,
1186 2612 1365 2683 Euanqslinm
1376 2629 1489 2668 aureum
1502 2620 1594 2668 terem
1602 2612 1632 2665 in
1653 2609 1787 2677 omnibus,
1803 2607 1927 2687 reclinato
1997 2624 1998 2671 ς

1120 2683 1240 2739 humeris
1253 2683 1438 2749 ineolbedro,
1464 2691 1489 2739 et
1517 2682 1604 2755 eapite
1622 2683 1731 2737 booeste
1757 2686 1838 2735 erecto
1856 2677 1928 2748 tsqnto
1997 2686 1998 2731 ὲ

1121 2752 1930 2823 oureoeatenooddiodemoetindiodenmteliqnumsonetse
1997 2804 1998 2819 ,

1120 2827 1210 2881 erosis
1219 2827 1338 2897 positum
1347 2834 1394 2881 est.
1411 2826 1447 2881 lit
1462 2825 1635 2896 repleverunt
1651 2824 1803 2895 sepulcrum
1816 2822 1930 2891 eiurare
1997 2832 1998 2867 ι

1120 2897 1248 2962 motibus,
1262 2898 1417 2970 piqmentis,
1431 2896 1578 2953 balsamoet
1591 2912 1690 2961 musco,
1699 2903 1722 2951 et
1734 2890 1929 2973 thesaurisant·
1997 2896 1998 2949 i

1122 2968 1159 3024 tis
1172 2969 1203 3023 in
1216 2986 1294 3024 oure.
1315 2968 1448 3024 Vestitum
1460 2976 1498 3023 est
1512 2985 1558 3022 eor
1577 2984 1608 3023 us
1622 2967 1682 3037 ejus
1694 2965 1928 3032 crstimmtissmpe·
1997 2968 1998 3037 ζ

1121 3039 1249 3104 cialibus,
1265 3046 1290 3095 et
1303 3039 1415 3095 sudario
1428 3038 1520 3094 subdi
1560 3045 1647 3095 emate
1663 3039 1749 3110 socies
1771 3038 1827 3108 ejus
1847 3039 1928 3105 opertu

1121 3697 1220 3753 agens,
1237 3682 1412 3764 sepultorum
1426 3680 1560 3735 meminit
1589 3681 1764 3735 ornamenti.
1781 3677 1859 3735 Unde
1872 3670 1930 3728 olim

1121 3755 1165 3808 tot
1178 3752 1254 3823 leges
1270 3768 1299 3807 ru
1315 3751 1509 3822 sepulcrorum
1526 3750 1691 3807 violatores.
1714 3752 1776 3806 Non
1792 3752 1882 3804 mmeu
1894 3742 1933 3796 bic
1997 3750 1998 3823 j

1120 3839 1184 3879 mos
1197 3822 1238 3878 ita
1254 3822 1307 3878 fnit
1328 3822 1460 3877 Ecclesiae
1477 3822 1655 3886 uniuersalis,
1675 3823 1746 3894 quin
1772 3816 1870 3876 alicubi
1893 3814 1932 3868 de·
1997 3844 1998 3855 ι

1121 3893 1286 3950 iunctorum
1307 3909 1428 3964 corpore
1453 3892 1541 3949 linteo
1562 3894 1687 3950 candido
1714 3891 1931 3950 invalescentem

1120 3966 1197 4038 quod
1207 3964 1301 4021 innuit
1316 3964 1488 4020 Prudentius
1508 3965 1616 4036 hymno
1628 3981 1719 4036 supra
1735 3963 1838 4020 citato:

1306 4053 1427 4104 Candore
1441 4054 1555 4104 nitentia
1567 4053 1647 4103 clero.

1306 4115 1426 4166 Tendere
1440 4117 1523 4167 linteo
1537 4130 1596 4166 mos
1616 4119 1665 4165 est.

1121 4205 1250 4278 Episcopi
1265 4204 1393 4260 defuncti
1409 4205 1534 4261 restibus
1556 4205 1752 4261 induebantur
1766 4194 1932 4260 sacerdotali·
1997 4254 1998 4269 χ

1122 4279 1175 4334 bus
1184 4295 1233 4334 scu
1245 4276 1468 4333 Pontificatibus.
1477 4278 1561 4341 Beda,
1576 4277 1652 4401 apud
1662 4268 1933 4340 emeteriumcapite

1123 4365 1191 4405 mox
1206 4349 1331 4412 citando,
1351 4364 1439 4419 agens
1465 4348 1501 4404 de
1525 4362 1595 4420 scpu
1611 4352 1674 4403 tura
1700 4346 1792 4404 sancti
1820 4335 1931 4401 cutberti
1997 4382 1998 4397 ι

245 4416 381 4483 trenam,
396 4414 445 4471 lib.
461 4432 469 4469 1
484 4414 620 4472 adversus
632 4414 763 4484 haereses,
778 4431 841 4487 cap.
858 4418 914 4474 18:
930 4418 994 4475 Atii
1006 4427 1069 4476 sunt
1125 4419 1400 4476 tindisierncnsium
1423 4419 1579 4474 antistitis:
1602 4418 1763 4475 Vestimenta
1785 4408 1934 4472 moerdotdi

196 4556 199 4561 μ
245 4487 421 4561 quimortuos
435 4485 581 4551 redimunt,
607 4485 637 4542 in
658 4485 711 4557 fine
732 4485 912 4558 defunctionis
935 4490 1069 4546 mittentes

245 4574 336 4615 eorum
350 4556 486 4630 capitibus
508 4556 594 4613 oleum
621 4563 647 4612 et
671 4574 781 4629 aquom
805 4559 861 4614 sire
883 4561 1070 4630 supradictum

1124 4490 1247 4547 indutus.
1255 4489 1495 4554 Ftodoardus,tib.
1506 4507 1533 4545 rr
1545 4490 1615 4544 Eist.
1625 4490 1693 4546 eccl.
1708 4491 1819 4547 Ehem..
1828 4501 1885 4555 cap.
1894 4480 1931 4563 οξ,

1124 4578 1211 4645 agens
1222 4563 1258 4618 de
1273 4561 1437 4618 inventione
1447 4561 1537 4616 sancti
1552 4561 1711 4617 tteroiitsni
1724 4560 1800 4617 Scuti
1814 4577 1820 4614 :
1836 4558 1931 4624 Conspi·

245 4636 411 4702 unquentum
426 4628 671 4701 (opobalsamum)
683 4644 745 4685 cum
761 4646 841 4701 oque,
852 4635 878 4685 et
891 4647 949 4687 eum
974 4649 1070 4704 supro·
1123 4649 1245 4705 mensque
1256 4633 1329 4687 uidet
1350 4649 1447 4705 corpses
1469 4634 1604 4703 inteqrum
1626 4631 1834 4688 sacerdotalibus
1846 4623 1932 4697 intulit

245 4702 327 4757 dietis
342 4699 565 4765 invocationibus,
578 4706 603 4755 et
614 4700 892 4771 incomprehensibiles
906 4707 931 4758 et
945 4704 1067 4760 inuisibi·
1122 4703 1592 4762 redimitum.Credibitecsteuim
1607 4704 1684 4759 hunc
1707 4709 1836 4759 sanctum
1851 4697 1931 4752 virum
1997 4746 1998 4753 ,

246 4773 283 4828 les
293 4772 468 4845 principibus
491 4778 516 4827 et
529 4771 704 4841 potestatibus
716 4771 792 4842 ient.
819 4777 850 4828 ut
863 4776 1068 4845 superascendat
1123 4792 1139 4832 e
1160 4775 1287 4847 iscopum
1303 4774 1400 4839 tuisse,
1416 4774 1485 4857 quia
1497 4775 1635 4847 peregrini
1646 4776 1722 4832 Scoti
1741 4775 1781 4829 itti
1796 4768 1893 4828 clerici.
1907 4765 1932 4818 ill

245 4861 326 4915 super
340 4843 494 4899 invisibilia
507 4844 628 4900 interior
648 4845 768 4915 ipsorum
783 4843 867 4911 boma
883 4847 961 4918 quasi
975 4862 1069 4931 eorpus
1123 4793 1158 4918 pi
1189 4846 1195 4858 ‘
1510 4848 1514 4858 “
1903 4905 1909 4917 ‚

245 4914 351 4988 quidem
365 4916 487 4987 ipsorum
502 4915 533 4969 in
542 4914 773 4970 ereaturomundi
781 4916 969 4989 relinquatur,
976 4936 1068 4975 onemo
1122 4917 1380 4974 tituioconseerati.
1398 4918 1475 4974 tdem
1505 4918 1597 4987 egitur
1605 4919 1640 4973 de
1652 4922 1752 4974 sancto
1768 4916 1859 4971 Eirino
1869 4923 1932 4989 epis·

245 5004 309 5042 oero
316 4986 483 5059 projiciatur
491 4986 646 5057 Demiurqo.
658 4987 762 5042 Enetos
769 4988 1067 5058 vestibusinduebant,
1122 5006 1193 5061 copo
1208 4989 1411 5055 Dorcestrensi,
1429 4991 1503 5061 apud
1519 4988 1645 5055 Suruim‚
1666 4989 1750 5045 tertio
1764 4983 1929 5059 Decembris:

245 5061 278 5115 ut
289 5063 401 5115 constat
415 5073 449 5115 ex
463 5056 575 5114 loanne
586 5057 710 5122 Moscho,
722 5074 786 5130 cap.
802 5059 837 5114 78
851 5059 1019 5127 Limonsrii,
1033 5063 1069 5119 dc
1122 5061 1254 5117 Inventus
1265 5067 1330 5131 estq
1384 5061 1637 5121 maurulumitern
1646 5058 1853 5131 erusplumbea
1867 5049 1931 5107 mitt

245 5131 372 5201 quadam
388 5128 494 5202 puelia,
510 5145 574 5201 quas
603 5126 681 5202 ἐτάφη
696 5129 872 5212 potentior
886 5135 1067 5206 ruotpertus,
1120 5149 1236 5205 porrus.
1248 5132 1778 5203 porticuarretinentorumejus‚quae
1792 5135 1931 5195 seneposs·

245 5200 278 5259 id
296 5205 349 5267 est,
362 5201 474 5274 sepulta
488 5205 532 5256 est
542 5216 607 5255 cum
621 5199 870 5267 melioratione
884 5203 995 5277 illasque
1009 5220 1068 5277 pre·
1123 5203 1239 5260 titicatis
1254 5207 1330 5266 sunt,
1348 5206 1379 5259 ut
1392 5219 1425 5258 ex
1440 5202 1663 5258 circumstantiis
1677 5202 1784 5258 ciarum
1799 5203 1850 5263 est3
1862 5191 1930 5274 etde

244 5270 326 5328 tiosae
340 5277 433 5337 erant,
448 5287 499 5343 pro
513 5271 651 5344 qualitate
666 5286 807 5345 personae,
820 5272 960 5333 videlicet.
978 5278 1069 5333 Sanc·
1122 5281 1222 5331 sancto
1236 5273 1386 5332 (seuuemo
1401 5274 1533 5345 episcopo
1549 5272 1769 5333 Constantiensi,
1785 5270 1832 5325 lib.
1847 5285 1853 5321 ι
1868 5263 1930 5317 Vitii

244 5347 291 5400 tus
303 5344 517 5416 Hieronymus,
545 5342 574 5398 in
600 5342 656 5398 tine
675 5342 740 5399 t'itee
752 5344 842 5399 sancti
859 5346 953 5404 Pauli:
975 5349 1030 5404 Cur
1042 5353 1068 5403 st
1121 5346 1209 5411 illius,
1222 5362 1287 5418 cap.
1302 5346 1352 5400 22:
1370 5346 1437 5401 Cum
1463 5362 1525 5417 erqo
1537 5344 1615 5408 lotus,
1644 5352 1669 5400 et
1682 5335 1929 5403 semdoirrtibmtl

1082 3102 1105 3163 G
1121 3117 1169 3165 est.
1186 3111 1315 3166 Cilicium
1326 3111 1361 3165 od
1374 3128 1484 3166 earnem
1497 3111 1555 3182 eius
1567 3111 1689 3180 positum
1704 3118 1751 3174 est,
1761 3106 1830 3190 qnod
1840 3109 1928 3188 secreto
1997 3108 1998 3169 t

1121 3198 1223 3252 semper
1239 3182 1421 3237 induebatur:
1433 3189 1459 3237 et
1483 3197 1564 3253 sopor
1579 3174 1928 3250 uestimentissmpemolrbus
1997 3216 1998 3245 ss

1118 3254 1381 3325 perapereqrinolis
1395 3254 1636 3318 aureonositoest,
1653 3270 1736 3324 quam
1760 3252 1865 3308 liunsom
1874 3261 1928 3318 por·
1997 3260 1998 3305 ἲ

1121 3332 1182 3380 tore
1195 3324 1292 3379 solitus
1301 3332 1372 3380 erut.
1388 3324 1529 3394 Sceptrum
1540 3332 1689 3379 oureumst
1702 3330 1806 3378 scutum
1820 3332 1927 3400 numum
1997 3318 1998 3357 ³

1120 3397 1193 3468 quod
1207 3396 1346 3464 teoPopo
1371 3402 1583 3459 mnseereoerot,
1611 3401 1747 3450 naucum
1771 3398 1858 3461 ponto
1875 3388 1929 3443 sunt
1997 3392 1998 3405 ¹

1121 3466 1306 3538 dependentia.
1324 3467 1361 3521 Et
1374 3466 1495 3522 clausum
1511 3474 1535 3522 et
1557 3466 1711 3534 siqillotnm
1735 3470 1772 3522 est
1796 3462 1931 3538 sepulerum
1997 3500 1998 3507 ι

1121 3539 1189 3621 eires.
1204 3540 1326 3594 Sanctus
1338 3537 1491 3610 Gregorius
1503 3539 1657 3609 Nyssenus,
1674 3538 1706 3593 in
1724 3535 1803 3608 epist.
1818 3535 1852 3589 ad
1867 3528 1932 3613 ticli·
1997 3578 1998 3583 ,

1121 3614 1262 3666 tinensem
1283 3610 1459 3681 episcopum,
1488 3610 1522 3664 de
1539 3608 1739 3681 sepulcrorum
1766 3602 1931 3662 viniatoribus
1997 3636 1998 3643 ι

1154 4852 1527 4973 orimum,erentep1scopt,
1545 4846 1697 4918 regionarii
1718 4844 1857 4905 videlicet,
1879 4836 1931 4893 sino
1997 4844 1998 4885 3

244 5413 1068 5475 mertuosoestrosourotisobiroloitisoestibusieurambitio
1121 5418 1205 5474 moris
1220 5425 1268 5485 est,
1284 5418 1573 5478 restibusimlutus.el
1588 5418 1692 5490 feretro
1706 5407 1930 5486 impositusodm
1997 5420 1998 5427 ¹

243 5488 424 5544 interluetur
440 5488 624 5559 lacrymasque
634 5488 806 5541 noncessott
820 5488 1068 5546 orcadauerodioi·
1122 5490 1233 5547 clesiom
1248 5487 1342 5559 tuimet
1356 5488 1513 5559 deportatus
1535 5487 1628 5561 (Apud
1643 5490 1714 5544 lienr
1752 5486 1828 5546 Gon,
1854 5477 1894 5534 tte.
1903 5474 1927 5529 6.

245 5560 366 5616 tumnisi
378 5560 500 5616 inseriae
507 5557 942 5631 putresosrsnesrs‘unttSanctus
957 5564 1067 5633 strigas·
1121 5568 1183 5619 ant.
1196 5561 1269 5633 tect.)
1282 5559 1353 5615 ilinc
1365 5558 1519 5630 capiendus
1536 5566 1582 5616 est
1596 5564 1711 5615 sanctus
1726 5552 1872 5628 Gregorius
1884 5546 1928 5602 tu·
1997 5636 1998 5643 ἵ

243 5712 416 5781 cecidissem
430 5711 649 5769 etdetienemin
670 5710 780 5792 Oenone
795 5725 857 5767 esse
880 5713 1062 5770 consecratio·
1115 5711 1166 5770 lib.
1181 5730 1199 5778 ι,
1213 5726 1273 5793 cap.
1287 5708 1314 5774 3,
1327 5708 1427 5791 iterum
1441 5707 1539 5791 liturg.
1557 5708 1632 5792 tege
1654 5709 1785 5792 integram
1819 5693 1926 5757 nonnil

242 5796 303 5836 nem
317 5783 424 5856 ipsam3
439 5784 588 5859 laudatque
611 5781 854 5841 eminentissimum
880 5783 957 5843 eard.
973 5785 1059 5854 Bona,
1116 5782 1275 5855 Quosneltu,
1287 5781 1323 5837 ad
1333 5785 1413 5855 epist.
1428 5781 1458 5837 tt
1476 5787 1565 5837 sancti
1578 5778 1692 5838 Leonis.
