4012 6194
90 234 163 301 ress
294 256 298 263 «
711 240 852 305 cousus
872 232 1036 306 oannes.
1060 200 1098 290 -ζ
1119 244 1179 310 xv.
1411 206 1416 215 ’
1717 258 1793 317 lass

87 375 143 429 stat
154 386 174 429 a
187 369 307 427 dextris.
333 384 460 441 reguum
476 373 633 446 recipiens,
659 375 758 433 induit
779 373 880 448 ipsum
902 392 909 441 ;
926 377 952 440 Α
967 354 1495 454 cumeoquatenuspossitcelebrere
1506 399 1684 459 superarem
1701 386 1796 444 sancti

60 524 62 531 Α
86 459 182 533 sicque
197 456 281 516 radit
293 458 333 516 ed
346 457 499 517 ecclesiam
509 463 604 520 sancti
618 463 761 536 Stephani
779 462 810 519 in
824 461 912 521 Caelio
968 466 1053 531 Petri,
1072 474 1100 523 et
1114 485 1165 541 per
1179 474 1271 527 totam
1287 471 1366 528 diem
1383 472 1494 545 pendet
1517 478 1608 529 antee
1633 474 1740 547 regias,
1767 481 1797 532 at

84 549 183 606 Monte
195 551 434 608 coronatuseum
444 550 599 610 ordinibus
605 552 873 626 processionaliter,
881 555 914 610 ut
966 555 1008 613 ita
1020 558 1050 614 in
1060 559 1199 616 omnibus
1214 560 1277 616 eliis
1288 559 1387 616 Missis
1404 577 1471 633 qum
1482 576 1571 634 super
1585 561 1656 619 illud
1667 562 1796 621 eelebre-

86 638 282 711 scriptumest
297 638 329 694 in
345 637 478 698 Politice.
496 641 570 698 Cum
583 641 623 699 ad
636 642 810 716 praedictam
824 640 914 699 eccle·
967 642 1086 702 buntur.

87 725 162 783 siam
172 725 349 799 pervenerit,
360 726 497 800 deposito
509 745 599 803 reguo
609 730 700 789 iuuat
713 728 914 795 ecclesiam‚et
1014 731 1104 807 455
1122 735 1223 792 lell.
1236 736 1279 793 De
1292 735 1465 807 Epiphania
1480 736 1596 797 Domini
1610 739 1741 796 rubrica.

89 816 163 874 lacta
177 815 316 874 Oratione
333 817 417 874 vadit
439 818 475 875 ad
492 820 676 890 sacrarium
691 820 827 895 deposita
854 820 914 892 pla·
1004 823 1038 879 ln
1054 823 1219 897 Epiphania
1233 823 1349 881 Domini
1361 825 1484 883 ldissaet
1496 841 1596 883 sermo
1607 826 1792 895 mandentur,

85 911 154 963 neta
163 904 234 963 alba
248 905 346 964 induit
359 906 496 975 rubeam,
509 913 539 966 et
549 909 681 967 celebrat
694 910 821 975 Missam,
838 908 914 965 sieut
966 912 1792 984 etvesperscnonconsueveruntmcndscl.Tamcnmodo

86 994 224 1053 hesterna
238 993 287 1051 die
297 994 327 1052 in
336 995 524 1055 omnibusad
535 998 666 1057 llissam.
676 998 913 1066 Quaflnitaresu·
966 1001 1149 1058 mandantur
1160 1004 1342 1075 vesperem
1355 1008 1537 1076 pepaporlal
1547 1003 1677 1075 pluviale
1686 1002 1793 1075 pretio-

86 1084 139 1141 mit
152 1083 316 1157 planetam,
331 1087 360 1141 et
371 1084 466 1141 induit
483 1102 621 1158 regnum,
646 1091 675 1144 et
686 1087 842 1144 revertitur
871 1086 911 1145 ad
967 1105 1032 1145 sum
1044 1088 1157 1155 elbum,
1172 1098 1202 1147 et
1216 1091 1793 1165 inchoanturllnliphonaeperpapamet
1856 1110 1860 1119 ’

86 1172 227 1246 palatium
245 1174 599 1248 ,ceteresumitproutin
605 1176 726 1234 Politice
733 1175 910 1234 continetur.
966 1178 1144 1236 cardinales.
1158 1181 1190 1235 ln
1202 1180 1357 1252 utriusque
1365 1181 1500 1252 vesperis
1512 1180 1791 1254 pepeinterestcum

120 1260 244 1329 Quodsi
258 1276 338 1335 papa
351 1278 411 1320 nou
430 1262 569 1329 celebret,
580 1264 737 1339 presbyter
750 1263 911 1322 cardinalis
966 1266 1090 1339 pluviali
1102 1268 1139 1324 de
1158 1269 1266 1326 samito
1280 1269 1372 1326 rubeo
1389 1274 1419 1326 et
1432 1270 1521 1327 mitra
1533 1269 1684 1327 euirisate.

85 1350 620 1423 tit,sanctilClsmentisllissemsaneti
630 1353 770 1427 Stephani
780 1351 911 1426 praedicti
1002 1355 1177 1413 llancetiam
1187 1357 1305 1413 Missam
1315 1358 1461 1415 antistites
1472 1358 1712 1416 Urbiscelebrare
1723 1373 1828 1416 eon-¹

84 1440 240 1499 consuevit
257 1454 360 1496 eoram
373 1455 456 1514 pepe
468 1441 619 1500 celebrere
633 1441 683 1500 illa
697 1442 754 1501 die.
966 1449 1135 1506 sueverunt,
1155 1444 1233 1502 etde
1254 1446 1406 1502 communi
1422 1461 1512 1502 cursu
1533 1462 1653 1520 semper
1667 1446 1791 1512 iaciunt,
1889 1436 1896 1443 ’
1990 1472 1991 1479 κ

120 1529 209 1603 455
226 1532 284 1587 lsta
291 1529 339 1586 die
352 1530 571 1587 commensales
581 1530 740 1604 capellani,
767 1529 911 1605 acolythi,
966 1532 1023 1588 nisi
1034 1531 1263 1590 lnucmlutcsur
1277 1533 1612 1605 nimiolrigcredetenli.
1630 1537 1663 1591 lu
1677 1534 1791 1592 haedis

85 1617 247 1687 auditores,
267 1622 296 1674 et
319 1619 530 1689 poenitentiarii
552 1621 717 1678 comedunt
737 1634 807 1677 cum
831 1633 912 1692 pepe
966 1618 1132 1693 aliquando
1145 1622 1414 1693 pronuntiaverunt
1423 1636 1521 1679 noros
1535 1621 1709 1689 cardinales,
1719 1623 1793 1679 sicut

85 1704 255 1780 splendide,
269 1710 298 1763 et
310 1704 340 1761 in
352 1706 510 1764 collatione
524 1707 615 1766 datur
627 1707 721 1782 piper.
735 1707 837 1766 Sedde
846 1706 912 1765 istis
927 1731 951 1792 B
966 1709 997 1765 in
1008 1710 1100 1769 Missa
1107 1711 1191 1767 tertia
1202 1709 1364 1768 Navilitatis
1373 1710 1487 1769 Christi.

84 1795 204 1853 duobus
217 1795 324 1853 diebus
334 1801 507 1854 sanctorum
521 1798 664 1873 Stephani
678 1798 840 1856 etloennis
849 1812 912 1857 uon
1001 1797 1068 1855 ilem
1083 1814 1164 1857 enno
1177 1798 1296 1856 Domini
1311 1802 1389 1864 l389,
1398 1799 1588 1872 pontificatus
1601 1800 1717 1858 Domini
1740 1803 1790 1858 Ur·

84 1888 301 1943 consueverunt
312 1884 459 1942 celebrare
471 1887 626 1960 vesperas,
641 1887 767 1946 etmaie.
966 1887 1079 1945 banivl
1091 1903 1171 1946 anno
1189 1889 1230 1954 l0,
1246 1887 1355 1945 testum
1370 1887 1448 1946 beati
1467 1889 1587 1946 Antonii
1600 1889 1716 1947 venitin
1731 1890 1790 1962 pri-

282 1975 346 2031 lllv.
363 1974 407 2031 Dc
417 1974 552 2033 secundis
568 1976 712 2047 vesperis.
966 1992 1018 2033 me
1030 1976 1181 2034 [lominica
1195 1980 1264 2050 post
1289 1976 1454 2050 Epheniam
1485 1977 1602 2034 llomiui
1618 1978 1713 2045 3nihil
1723 1975 1789 2034 ieci·

119 2061 149 2118 ln
162 2062 302 2120 secundis
313 2062 449 2136 vesperis
465 2066 636 2140 paparonit
647 2082 717 2125 cum
727 2064 849 2141 pluviali
861 2082 912 2124 ru·
964 2080 1033 2122 mus
1047 2066 1082 2123 de
1097 2072 1200 2122 saneto
1218 2066 1358 2136 Antonio,
1373 2066 1427 2123 sed
1453 2070 1544 2123 totum
1572 2066 1609 2123 de
1636 2067 1789 2126 [lominica

82 2151 141 2209 beo
155 2155 184 2209 et
198 2150 296 2211 miae.
964 2153 1141 2211 retinuimus
1156 2154 1189 2210 in
1208 2154 1295 2212 Urbe.

314 2242 371 2299 xV.
386 2244 430 2301 De
443 2249 548 2302 sancto
559 2243 678 2303 Jcauae.
966 2244 1033 2299 lllx.
1048 2243 1789 2317 DePurifirutioucbeathartacirpiuislrubracae.

118 2330 207 2389 lndie
221 2332 317 2389 sancti
326 2331 543 2392 loannisllissa
555 2337 584 2391 et
598 2348 699 2392 sermo
718 2334 908 2402 mandentur,
1000 2332 1032 2388 ln
1046 2331 1093 2389 dei
1104 2332 1320 2390 purificationis
1331 2331 1424 2390 beatae
1432 2333 1529 2390 Maris
1542 2333 1790 2405 virginistantum·

83 2435 175 2494 qnam
189 2419 558 2496 consueritdicerealiquis
568 2421 730 2481 cardinalis
747 2439 754 2480 :
768 2423 910 2497 adquam
965 2421 1057 2479 modo
1072 2424 1165 2479 missa
1178 2421 1422 2480 mandatur.Non
1431 2422 1520 2480 babet
1529 2422 1789 2496 vesperasprreec-

85 2523 165 2583 pape
175 2510 254 2567 venit
268 2525 338 2567 cum
353 2510 476 2584 pluviali
488 2511 580 2569 rubeo
591 2512 629 2569 de
643 2513 763 2578 amito,
778 2517 808 2569 et
825 2512 910 2570 mitra
964 2510 1646 2583 dentesmandanles3sedtamenoardinalesin
1657 2512 1790 2585 vesperis

84 2597 252 2657 aurifrisata
265 2615 335 2656 uum
348 2599 450 2672 perlis,
466 2604 554 2673 prout
569 2600 600 2657 in
620 2600 807 2659 consistorio.
820 2603 854 2660 lit
869 2602 911 2660 ita
965 2600 1034 2665 sint,
1048 2599 1473 2673 etinoipiantantiphonas,et
1487 2601 1600 2659 habent
1613 2608 1791 2675 paramenta

81 2686 263 2746 insecundis
282 2687 429 2761 vesperis,
445 2689 476 2746 in
490 2688 712 2763 quibusomnes
724 2690 911 2763 acolytbide·
964 2687 1041 2747 albe.

82 2776 300 2835 bentesseeum
309 2776 507 2851 superpliciis,
517 2779 616 2851 primo
627 2778 910 2846 commensalesau·
1001 2778 1161 2836 Sciendum
1175 2779 1256 2852 quod
1271 2779 1296 2835 si
1305 2778 1383 2836 istud
1401 2779 1509 2838 laetum
1524 2780 1653 2837 cadatin
1665 2783 1790 2853 Septua-

81 2865 203 2932 ditores,
217 2870 246 2923 et
257 2866 444 2932 subdiaconi,
456 2866 565 2924 deinde
574 2864 705 2942 acolythi
719 2871 749 2926 et
761 2867 909 2941 capellani
964 2867 1079 2937 gesima
1092 2872 1142 2924 aul
1157 2867 1357 2938 sexagesima,
1370 2867 1547 2927 transfertur
1561 2869 1692 2942 usquein
1707 2869 1787 2926 diem

80 2952 239 3012 ·honoris.
965 2959 1063 3014 Lunae.

321 3044 671 3104 subclamantibus.
999 3048 1033 3104 In
1050 3046 1147 3119 prinus
1156 3046 1293 3119 vesperis
1301 3061 1379 3119 pepe
1388 3046 1466 3105 venit
1489 3062 1559 3105 oum
1574 3046 1696 3119 simplici
1721 3048 1787 3120 plu·

116 3132 910 3195 lndiesunctoruminnocentiumeonsuevitessellissa
926 3092 949 3154 ⁰
964 3133 1030 3193 riaii
1044 3134 1082 3192 de
1097 3134 1212 3203 samito,
1228 3134 1356 3192 etmitre
1369 3134 1548 3192 aurdclscta.

79 3224 217 3279 etsermo
228 3220 296 3287 ;sed
306 3221 396 3278 modo
408 3236 469 3279 nou
481 3221 731 3291 observatur,nec
743 3223 910 3296 papavecit
1101 3224 1163 3280 xx.
1180 3224 1223 3279 De
1235 3224 1650 3282 Benedictioucrcadelarum.

78 3310 110 3367 in
124 3309 267 3368 secundis
280 3310 411 3384 vesperis
429 3310 468 3367 ed
482 3310 641 3384 capellam.
999 3312 1157 3370 Sciendum
1169 3312 1253 3386 quod
1267 3311 1679 3370 indiel’urilicationisbeatse
1690 3312 1789 3371 Marica

115 3398 418 3472 Notaqucdsivsniar
433 3399 597 3467 bominica,
608 3401 640 3457 in
650 3399 911 3459 acmdnlsdicituc
964 3400 1085 3474 virginis
1100 3400 1176 3458 cerei
1190 3399 1790 3473 benedicentursnmmomeneperjunio·

81 3490 123 3547 Te
133 3488 230 3546 Deum
243 3488 444 3557 mecummet
454 3488 581 3546 inllissa
597 3488 699 3547 Gloria
708 3489 741 3546 iu
751 3489 866 3547 eccelsia
880 3493 911 3546 et
962 3504 1021 3547 rem
1036 3491 1245 3562 presbyterum
1261 3486 1447 3559 cardinalem,
1461 3489 1511 3561 qui
1525 3505 1591 3546 esse
1600 3488 1685 3545 debet
1704 3488 1790 3545 indu·

77 3575 174 3635 eredo
187 3576 219 3633 ia
233 3590 337 3647 caum,
350 3580 380 3634 et
389 3581 571 3650 paramenta
584 3576 691 3635 rubea.
713 3578 835 3645 Quodsi
847 3593 910 3636 non
964 3580 1010 3635 tus
1022 3577 1166 3642 rochetto,
1181 3575 1259 3643 alba,
1276 3576 1399 3646 amictu,
1408 3575 1484 3634 stola
1498 3580 1528 3635 et
1540 3576 1659 3649 pluviali
1670 3576 1790 3633 sibico

74 3663 222 3724 veniatin
237 3664 403 3736 Dominice,
416 3681 471 3723 nec
485 3667 521 3722 Tc
535 3666 641 3736 Deum,
654 3681 710 3724 nec
726 3667 838 3735 abac,
854 3682 910 3724 neo
962 3665 1045 3734 loris,
1061 3669 1091 3723 et
1101 3666 1191 3724 mitra
1202 3664 1331 3739 simplici
1342 3664 1380 3722 de
1395 3664 1540 3736 garnello,
1559 3681 1629 3721 eum
1644 3681 1725 3737 aqua
1739 3664 1790 3720 be-

74 3753 174 3812 Credo
188 3750 299 3809 dicitnr
314 3768 321 3820 ;
336 3756 554 3825 etparementa
568 3753 754 3813 debentesse
763 3753 907 3813 violacea.
965 3754 1092 3821 nediele,
1102 3755 1236 3820 incenso,
1253 3757 1283 3811 et
1295 3752 1384 3810 sociis
1395 3751 1788 3826 indutiscumsuperplieiis,

230 3842 309 3900 llvll.
330 3841 373 3901 De
388 3842 615 3902 circumsicione
627 3844 754 3901 Decius.
964 3840 1791 3901 etduubusoerolerariiscumiaculisaceensisbenedicit

112 3928 910 3990 lncircumcisioneDominiblissaetsermomandantur
963 3931 1115 3998 candelas,
1141 3936 1228 4004 prout
1250 3932 1281 3988 in
1303 3929 1409 3989 llissali
1424 3935 1452 3990 et
1476 3929 1640 3989 Pontificeii
1659 3932 1790 3989 Romano

72 4019 910 4094 tantummodo.Licetentiquitusllomenipontificescon·
963 4020 1143 4077 oondnetur.

70 4113 240 4167 sueverunt
251 4110 283 4166 in
298 4108 404 4183 primis
418 4109 556 4183 vesperis
567 4109 659 4184 huius
668 4111 728 4167 diei
740 4112 843 4169 venire
858 4127 909 4170 so·
999 4106 1791 4181 CompletaergoBenedictione,dominusnosterpapa

67 4198 216 4256 lemniter
226 4197 322 4255 induti
333 4213 399 4255 oum
412 4197 536 4271 pluviali
547 4198 679 4272 pretioso
693 4198 762 4258 elbo
774 4204 802 4256 et
818 4198 909 4258 mitra
962 4198 1118 4256 incamere
1124 4196 1293 4270 paramenti
1301 4196 1436 4253 induitse
1443 4195 1545 4253 albam
1552 4196 1790 4254 sirellomanam

69 4285 222 4356 solemni,
237 4287 392 4346 modernis
407 4287 593 4363 temporibus
604 4286 620 4332 ¹³
631 4288 712 4347 venit
739 4288 909 4348 solemniter
962 4285 1131 4354 camisiam,
1145 4284 1254 4343 stolam
1265 4283 1791 4358 atpluuielcrubaumdesamitocum

68 4391 150 4435 cnm
164 4375 284 4449 pluviali
302 4375 444 4450 pretioso,
454 4380 483 4436 at
497 4376 585 4436 bene.
963 4374 1119 4433 aurifrisiis
1134 4375 1197 4432 sive
1211 4375 1301 4447 perlis
1311 4377 1341 4430 et
1354 4374 1444 4432 mitra
1457 4373 1528 4431 elba
1540 4374 1578 4431 da
1593 4374 1724 4447 garnello
1738 4393 1748 4448 ;
1762 4378 1791 4432 et
1820 4380 1832 4387 '

110 4464 197 4522 ilaue
209 4464 332 4523 Missam
347 4465 480 4526 Romani
486 4465 644 4539 pontifices
650 4480 769 4539 semper
782 4481 909 4526 consue·
922 4452 946 4511 Ι)
966 4480 1031 4522 cum
1042 4465 1210 4538 pervenerit
1224 4463 1264 4522 ad
1276 4462 1431 4536 capellam,
1446 4468 1513 4521 orat
1524 4466 1592 4520 ante
1611 4463 1714 4532 altare,
1739 4462 1791 4521 ali·

69 4557 186 4612 verunt
198 4553 366 4623 celebrare3
377 4570 433 4613 nee
442 4553 475 4612 flt
487 4556 735 4613 commemoratio
746 4556 785 4614 de
796 4557 908 4614 sanetis
962 4552 1318 4628 quantulumaeeumbens
1326 4551 1790 4626 supercathedremetscabellum

67 4646 202 4718 propter
217 4642 363 4701 rubricam
374 4642 529 4702 Clementis
542 4644 625 4701 sexti.
962 4645 1102 4715 pmatum
1114 4642 1154 4700 ad
1166 4641 1251 4701 illud.
1264 4640 1384 4709 Quodsi
1397 4655 1459 4699 non
1468 4640 1505 4698 sit
1517 4640 1630 4698 ibidem
1643 4639 1730 4715 457
1743 4657 1792 4700 ca·

112 4734 191 4789 item
204 4735 286 4802 nota,
300 4732 326 4790 si
339 4747 421 4806 papa
435 4732 474 4790 sit
488 4732 520 4788 in
534 4731 610 4789 llrbe
627 4732 686 4791 bec
711 4733 770 4801 die,
800 4737 831 4791 et
847 4748 908 4792 nou
962 4730 1050 4805 pella,
1063 4730 1187 4789 accedet
1198 4730 1238 4788 ad
1252 4729 1426 4788 cathedram
1450 4745 1547 4796 suum,
1575 4733 1604 4786 et
1627 4730 1666 4786 ibi
1691 4730 1785 4789 sedet.

69 4819 217 4886 celebret,
233 4819 563 4879 eedlacitdicillissam
572 4821 908 4896 peraliquemcardina-
962 4816 1792 4892 Posteareniunteerdinelesetpreslatinouparstledre-

66 4911 138 4968 lem
153 4907 185 4964 in
198 4907 325 4968 ecelesia
342 4910 438 4967 saneti
452 4909 540 4978 Petri,
563 4914 725 4983 aanuam
749 4911 908 4969 cardinalis
962 4909 1129 4967 ruentium
1144 4922 1242 4982 pape,
1254 4906 1609 4965 uteliasestconsuetnm
1636 4907 1792 4977 duritiae

66 4997 195 5063 indual,
210 4997 908 5075 presenteturbullaquomodopapadispensut
962 4995 1791 5071 lactureverentie,radunt‚cardinalasetcateriprelati

110 5156 120 5179 ·
137 5138 209 5195 ilinc
224 5138 388 5224 corrigenda
397 5139 478 5196 lectio
494 5138 590 5196 iacobi
599 5139 830 5213 Gaieteni,snpra,
839 5157 906 5269 fag.
964 5140 1015 5195 sim
1031 5139 1148 5195 sumitur
1158 5154 1209 5212 pro
1223 5138 1355 5195 cancellis
1370 5137 1476 5205 altaris,
1493 5145 1523 5196 ut
1538 5139 1620 5211 inire,
1634 5156 1668 5196 ca
1689 5140 1742 5196 ‚ll
1763 5144 1792 5195 et

67 5210 140 5276 3⁴¹,
157 5227 240 5267 versu
255 5211 400 5283 ultrmu,et
415 5209 909 5285 legendumulhocloco,capcluci
964 5211 1008 5267 ab.
1022 5210 1326 5283 Videsupralacobum
1340 5209 1516 5280 caietanae.
1532 5211 1576 5267 lb.
1590 5217 1648 5268 ete.
1713 5210 1790 5267 Com·

70 5282 207 5340 honoris.
964 5282 1090 5338 mauturii
1102 5281 1188 5338 nostri
1203 5282 1309 5355 praevii.
1326 5281 1406 5340 Certe
1430 5282 1587 5356 hujusmodi
1602 5280 1790 5339 bullaibidem
1875 5342 1880 5355 Ι

68 5426 94 5480 p
108 5353 127 5397 ¹³
140 5352 304 5482 ¹Lagendum
318 5353 431 5411 ridetur
444 5355 593 5424 mesnil,
603 5352 702 5410 Couler
713 5353 908 5412 ceremoniale
963 5352 1085 5437 appendi
1100 5353 1267 5410 soletetiem
1291 5370 1376 5420 nune,
1389 5358 1472 5427 atque
1491 5354 1530 5411 ita
1553 5352 1652 5409 laetum
1671 5352 1789 5407 vidimus

93 5429 202 5553 eschui
217 5496 281 5554 haee
291 5513 345 5553 rex
363 5499 448 5569 reaia
459 5513 514 5553 non
532 5513 594 5554 raro
608 5500 700 5571 portas
716 5495 837 5553 basilice
864 5497 908 5555 si·
964 5512 1071 5552 uname
1084 5494 1230 5563 columnis,
1243 5513 1304 5569 qrree
1318 5495 1451 5552 ciborium
1464 5494 1616 5565 sustinent,
1627 5494 1686 5550 huc
1712 5492 1790 5550 bulla

66 5566 197 5642 gnificat
206 5567 281 5642 apud
294 5566 364 5626 elios
377 5572 514 5636 auctores,
528 5566 557 5625 in
572 5568 616 5627 his
640 5573 732 5626 umen
754 5566 832 5626 libris
845 5584 908 5643 pes·
962 5567 1055 5642 posita
1069 5572 1123 5626 est.
1136 5567 1254 5642 legesis
1268 5567 1323 5625 lter
1335 5572 1460 5624 noenum
1480 5562 1618 5632 Italicum,
1644 5581 1708 5639 pag.
1736 5565 1784 5624 bb.

192 5424 295 5482 aietani
309 5441 373 5500 cap.
393 5426 440 5482 ll.
963 5425 1008 5481 dre
1018 5423 1089 5482 festo
1116 5423 1206 5482 sancti
1233 5424 1307 5482 Petri
1337 5425 1366 5480 in
1388 5424 1506 5481 basilica
1515 5423 1659 5488 vaticana,
1679 5422 1729 5479 ubi
1751 5423 1789 5477 ad
