4062 6180
251 220 307 294 tii
522 176 526 185 ¹
629 205 667 288 lu
687 228 718 289 s.
740 212 920 291 obhaesit
939 216 1079 288 nisenii
1099 212 1429 317 siceiunuromiii
1451 214 1570 291 hoie.
1866 230 1914 308 ii,
1988 184 1989 259 i

216 394 220 397 v
251 361 427 417 dicariNon
454 359 530 414 enim
555 371 656 413 omncs
685 357 778 414 clerici
804 359 878 415 lianc
899 357 1067 428 scripturam
1089 350 1405 429 Apoenitcntiam,noo
1419 376 1467 416 eos
1481 360 1605 432 gravetis
1616 367 1918 435 nequccogatistautam
1988 418 1989 431 .

157 478 162 487 .
251 447 387 502 usurpare
405 435 455 485 eut
467 430 559 501 legere
574 431 688 495 debent,
702 430 750 501 qui
765 430 913 485 inveniunt
924 446 1000 494 eam,
1017 428 1071 483 nisi
1123 431 1611 502 jejunare.quantunidiiites,quie
1627 448 1681 487 non
1693 437 1920 513 suntinsuiipotec

250 505 303 559 soli
317 502 355 557 illi
370 501 472 573 quibus
486 517 601 556 necesse
613 505 664 565 est,
683 503 736 556 lioc
752 510 793 557 est
803 500 971 583 presbyteri.
995 499 1072 554 Sicut
1127 505 1195 567 tate,
1213 502 1333 573 ideoque
1345 503 1528 558 medietatem
1553 502 1724 574 pmuticutie
1737 507 1775 562 eis
1786 508 1917 582 imponite.

250 574 327 629 enim
342 572 513 628 sacrilicium
529 572 631 627 olierre
650 589 706 628 nou
721 573 826 627 debent
842 573 894 627 uisi
910 572 1032 642 episcopi
1045 576 1073 626 et
1235 594 1247 621 ii
1266 574 1367 643 Incipit
1381 574 1498 628 iotiond
1510 574 1633 629 dandum
1647 577 1830 645 penitentiam.

250 643 416 716 presbyteri,
443 645 545 714 quibus
569 643 662 698 claves
683 643 762 726 regui
791 644 929 699 coelorum
956 642 1071 697 traditae
1163 643 1344 713 «Inprimis
1366 645 1434 701 dicit
1461 645 1778 716 Pictinimiripm'mim
1798 657 1921 723 septimum

250 720 325 780 sunt,
342 715 448 770 sicnec
465 714 574 796 judicia
596 714 651 769 ista
675 714 722 769 alii
749 731 886 785 ususpare
905 715 1019 768 debent.
1042 713 1071 768 si
1127 720 1232 769 totum:
1253 715 1382 781 llomine,
1411 732 1446 771 ne
1469 717 1498 771 io
1526 717 1621 771 lurore
1642 721 1689 770 tuo
1713 733 1808 790 arguas
1826 729 1923 783 medi

250 792 347 842 eutem
365 785 663 845 necessitascienerit.
682 791 711 840 et
732 788 878 857 presbyter
903 800 961 839 non
987 784 1072 838 luerit
1124 792 1214 855 postea
1242 786 1314 841 dicit
1336 789 1466 842 Oremus.
1492 788 1530 842 Et
1544 788 1612 842 dicit
1627 787 1760 845 Psalmiim
1773 798 1922 854 conterimini

251 857 532 930 praesens‚suscipiat
544 857 682 912 diaconus
694 856 878 928 poenitentem
893 858 929 911 ed
941 860 1071 910 sanctam
1125 857 1286 911 secundarii:
1313 858 1445 922 Benedic,
1470 857 1568 913 anima
1594 875 1668 924 mea,
1697 860 1823 923 Domino,
1844 882 1872 931 aa

250 928 494 986 communionem.
520 927 599 982 Sicut
620 943 688 1009 ergo
707 926 839 1010 superius
863 927 996 991 diximus,
1021 925 1072 981 hu·
1126 927 1308 983 renovabitur
1323 928 1395 984 sicut
1409 929 1503 999 aquila
1514 929 1717 999 juventustuc.
1736 931 1845 989 Etdicit
1860 912 1923 992 Piat'·
1988 992 1989 997 ,

251 999 363 1081 milicie
381 1016 412 1055 se
426 1000 531 1081 debent
542 998 675 1079 episcopi,
692 1014 751 1053 sive
769 997 936 1069 presbyteri,
952 1002 980 1053 et
1005 1013 1070 1051 cum
1126 1000 1487 1079 mum'qaieqricpesimiim:
1513 1000 1645 1056 Miserere
1673 999 1738 1058 mel.
1756 1002 1833 1068 Deus,
1845 1023 1921 1078 omae,

250 1071 366 1127 tristitia
391 1074 510 1141 gemitu,
538 1069 730 1139 lacrymisque
755 1085 846 1131 orare,
879 1084 936 1124 non
976 1069 1069 1123 solum
1125 1068 1291 1140 iniquitates
1305 1087 1385 1125 meas
1397 1071 1472 1128 dele.
1488 1071 1619 1127 Postbaic
1644 1071 1711 1126 dicit
1724 1072 1853 1130 Paulinum
1865 1095 1921 1135 ciii:

250 1143 366 1224 proruis
380 1141 500 1203 delictis,
515 1139 663 1195 sedetiam
685 1156 735 1210 pro
760 1138 987 1194 Christianorum
1010 1155 1070 1193 oni-
1127 1141 1200 1195 Oeus
1215 1140 1243 1195 iii
1257 1140 1374 1196 nomine
1386 1145 1444 1196 tuo.
1460 1143 1492 1197 Et
1503 1142 1571 1197 dicit
1585 1142 1715 1199 Oramus.
1740 1143 1774 1198 m
1786 1145 1847 1200 dicit
1861 1147 1924 1203 Psil-

251 1229 342 1277 mum,
358 1216 390 1268 ut
402 1211 512 1283 possint
525 1228 589 1266 cum
606 1212 689 1265 beato
713 1210 807 1266 dicere
822 1210 1022 1276 pauimento·
1037 1227 1069 1265 ri·
1124 1227 1258 1266 murini:
1285 1210 1358 1276 Ouid
1384 1212 1525 1281 glorieris,
1550 1229 1641 1284 usqae,
1671 1213 1804 1269 videbunt
1823 1219 1925 1287 juillet
1988 1274 1989 1279 ,

247 1285 430 1351 firmaturam
441 1282 705 1354 epanoninfirmor.
715 1281 1022 1351 qiiiiscnndali'zotui·,
1042 1286 1070 1337 et
1125 1282 1285 1347 timebant;
1300 1290 1324 1337 ct
1337 1283 1421 1337 dicit:

249 1352 1068 1426 epuoonuror?Cumergovcaeritaliquisadseccrdo·
1161 1354 1333 1409 Oi·cmiis.-
1358 1353 1442 1417 Deus,
1468 1354 1550 1426 cujus
1570 1354 1749 1426 indulgentia
1773 1371 1852 1414 nenio
1877 1376 1925 1415 noii
1988 1344 1989 1425 i

249 1432 309 1482 tem
326 1424 453 1482 conlltcri
478 1430 595 1549 peccata
616 1440 677 1492 saa,
696 1425 814 1479 mandet
838 1423 863 1479 ci
888 1424 1020 1479 sacerdos
1040 1427 1071 1476 ut
1124 1423 1243 1506 indiget,
1261 1431 1417 1489 memento,
1435 1425 1565 1489 Domine,
1581 1425 1691 1481 famulo
1705 1431 1754 1481 tao
1768 1426 1824 1493 illo,
1849 1431 1925 1501 etqui
1988 1448 1989 1481 l

249 1514 298 1554 ciis
320 1501 393 1553 ectet
427 1512 475 1550 mo

249 1514 334 1625 suain
354 1569 389 1622 ed
404 1567 582 1622 Orationem.
594 1566 622 1622 Si
639 1571 735 1621 autem
762 1566 923 1622 cubiculum
941 1581 997 1620 uon
1020 1565 1069 1619 ha·
1124 1583 1234 1631 sumus,
1251 1572 1282 1621 at
1296 1568 1346 1622 des
1356 1566 1470 1621 veniam
1486 1566 1632 1622 confitenti
1647 1583 1655 1632 ;
1673 1583 1757 1638 parce
1772 1571 1889 1641 supplici,
1903 1577 1928 1627 ut

250 1640 352 1704 buerit,
369 1644 467 1693 tamen
482 1643 550 1693 tuuc
560 1638 693 1693 sacerdos
703 1639 731 1692 iii
747 1637 891 1693 cordesuo
906 1636 983 1692 dicct
996 1636 1070 1692 banc
1125 1637 1171 1707 qui
1188 1637 1294 1693 nostris
1307 1637 1418 1692 meritis
1430 1653 1609 1704 accusamur,
1621 1642 1669 1692 lua
1695 1638 1870 1696 miseratione
1882 1643 1927 1697 sal·

498 1496 584 1559 icum,
612 1496 702 1550 donec
735 1494 822 1551 intret
852 1494 880 1549 ia
908 1494 1070 1550 cubiculum
1124 1495 1839 1566 lubricaterraequecorporisfragilitutcnudatus,
1861 1518 1925 1570 quie·
1988 1488 1989 1545 ι

250 1710 408 1767 orationem
427 1726 432 1764 :
1084 1720 1107 1779 Β
1124 1725 1234 1763 remur.
1249 1710 1303 1763 l’cr
1317 1708 1467 1763 Dominum
1481 1713 1609 1763 nostrum
1625 1710 1722 1764 lesuin
1739 1709 1882 1766 Christum.
1988 1754 1989 1771 .

288 1782 445 1838 «cremus.
459 1811 500 1859 ¹-
516 1778 635 1859 Domine
660 1778 734 1833 Deus
761 1777 965 1859 omnipotens,
977 1776 1069 1859 propi3
1161 1802 1174 1830 a
1190 1780 1266 1834 ntia.
1281 1810 1307 1820 -
1318 1780 1541 1851 Oeussubcujus
1554 1778 1741 1835 oculisomnc
1753 1797 1801 1836 cor
1812 1784 1926 1852 trepidat,
1988 1802 1989 1821 t

249 1851 464 1907 tiusestomihi
486 1857 635 1921 peccatori,
666 1855 697 1903 ut
724 1849 865 1918 condigne
891 1865 998 1918 possim
1019 1849 1069 1902 tibi
1124 1866 1281 1921 omnesque
1317 1849 1498 1905 conscientie
1533 1850 1768 1907 contremiscunt.
1794 1853 1927 1923 propitiare
1988 1888 1989 1897 .

251 1923 358 1995 gratias
373 1938 467 1993 agere,
488 1937 534 2001 qui
557 1936 603 1974 me
616 1919 766 1999 iudignum
803 1923 991 2000 reptertaam
1018 1918 1070 1971 mi·
1124 1921 1255 1976 omnium
1269 1921 1431 1992 gemitibus,
1451 1925 1481 1976 et
1506 1927 1675 1976 cunctorum
1706 1924 1819 1978 medere
1844 1924 1929 1978 iulae-

251 1992 437 2050 sericordiam
463 1991 626 2045 ministrum
653 1990 780 2045 lecistio
815 2005 850 2044 cii
874 1989 1069 2052 sacerdotalis,
1122 1991 1451 2057 rihus;etsicatncmo
1471 1997 1599 2047 nostrum
1623 1992 1928 2064 liberesteciilpa,iti

251 2069 280 2121 et
299 2080 345 2120 me
357 2061 885 2134 exiguumhumilemquehlcdiatorem
899 2059 1068 2115 constituisti
1124 2078 1210 2117 nemo
1225 2062 1381 2118 aitelieaus
1394 2079 1512 2118 erema.
1529 2063 1581 2117 Per
1591 2064 1759 2118 Dominum.

250 2136 287 2191 ad
302 2134 482 2193 adorandum
494 2138 523 2188 et
541 2132 774 2187 intercedendum
788 2131 825 2185 ad
842 2132 989 2186 Dominum
1007 2147 1071 2185 nos·
1161 2155 1172 2183 i
1196 2134 1273 2188 Alia.
1294 2165 1328 2175 -
1359 2137 1431 2190 Deus
1460 2134 1577 2189 infinitis
1606 2134 1820 2197 misericordiae,
1838 2135 1927 2190 recita·

250 2208 431 2262 trumlcsum
443 2204 586 2259 Christum
599 2219 650 2273 pro
670 2202 861 2272 peccantibus,
878 2208 906 2257 et
925 2203 962 2256 ad
980 2201 1069 2272 poeui·
1123 2203 1215 2275 tisque
1239 2204 1399 2268 immensis,
1423 2204 1578 2275 propitiare
1603 2204 1804 2276 iniquitatibus
1828 2206 1928 2272 nostris,

251 2277 369 2333 tentiam
381 2274 597 2331 revertentibus.
620 2273 750 2343 Ideoque,
762 2272 928 2327 Oomlaator
943 2273 1068 2337 Oomiuc,
1122 2275 1293 2330 etomnibus
1306 2275 1470 2330 animarum
1485 2280 1648 2331 nostrarum
1664 2277 1781 2332 medere
1801 2276 1928 2349 languori·

250 2348 298 2418 qiii
313 2363 409 2403 omues
424 2345 551 2400 homiues
563 2344 603 2399 iis
616 2345 709 2398 salros
724 2343 796 2405 sieri,
812 2343 1068 2414 etadagnitiouem
1124 2346 1185 2410 biis,
1204 2352 1233 2401 iit
1245 2346 1463 2402 miserationum
1479 2352 1593 2401 tuarum
1609 2347 1781 2402 remissione
1804 2352 1930 2418 percepta,
1988 2394 1989 2397 ,

249 2418 378 2474 veritatis
404 2415 510 2483 venire,
537 2413 585 2485 qui
609 2430 665 2469 nou
693 2413 1068 2484 rismortempeccatorum,
1123 2415 1226 2472 intua
1253 2433 1367 2488 semper
1403 2416 1603 2473 benedictione
1638 2418 1780 2474 letemur.
1816 2421 1864 2474 Per
1888 2422 1930 2473 Oo-

249 2489 345 2545 aedut
361 2489 565 2543 convertantur
588 2490 617 2540 et
641 2483 748 2551 vivant,
773 2484 846 2539 susci
868 2498 883 2540 e
906 2484 1069 2540 Orationem
1123 2486 1245 2543 minum.

248 2574 347 2629 meam,
362 2575 444 2630 quam
458 2557 548 2612 lando
563 2560 629 2611 ante
643 2502 866 2626 conspectumcf

247 2646 299 2701 pro
315 2628 430 2684 famulis
446 2632 475 2683 et
489 2627 652 2710 famulabus
666 2626 733 2691 tuis,
752 2624 800 2697 qui
815 2627 851 2682 ed
869 2625 1068 2708 poeniteutiam
1122 2628 1297 2685 cordiietuae
1309 2628 1500 2698 Maiestatem,
1525 2628 1684 2685 utlemulo
1713 2627 1931 2709 tunillipeocatii

248 2705 395 2756 venerunt.
410 2700 462 2754 Per
470 2698 625 2754 Dominum
646 2700 775 2752 nostram
801 2697 897 2751 lesum
914 2697 1066 2752 Christum.
1123 2703 1151 2754 el
1167 2697 1296 2754 facinora
1308 2715 1361 2753 sue
1374 2699 1520 2754 confitenti
1534 2699 1648 2754 veniam
1663 2698 1797 2755 relaxare
1811 2698 1930 2769 digneris.

859 2555 1068 2619 emendemus,
1159 2580 1173 2607 α
1186 2557 1263 2613 Alia.
1281 2558 1438 2624 -Precor,
1455 2557 1587 2625 Domine,
1614 2550 1781 2615 clementiis
1794 2562 1823 2613 et
1839 2557 1930 2612 miseri·
1988 2556 1989 2571 ¹

285 2767 648 2838 «Vidensautcmillequi
669 2766 1069 2837 adpoenitentiamvenitse·
1122 2774 1151 2824 et
1179 2770 1386 2839 preteritorum
1412 2769 1565 2824 criminum
1590 2769 1692 2893 culpas
1721 2769 1873 2841 indulgeas,
1891 2768 1930 2838 qui
1988 2802 1989 2819 2

247 2843 393 2899 cerdotem
406 2840 516 2895 tristem
531 2844 560 2894 et
572 2838 778 2908 lacrymantem
808 2854 858 2907 pro
887 2838 945 2893 suis
962 2837 1066 2892 lucino.
1122 2839 1321 2895 humeristuis
1347 2856 1425 2895 orem
1442 2840 1581 2911 perditam
1602 2856 1632 2895 re
1654 2840 1753 2905 aristi,
1780 2839 1828 2912 qui
1855 2837 1931 2921 publi·

248 2912 335 2975 ribus,
356 2910 449 2982 magis
472 2910 532 2981 ipse
559 2908 662 2963 timore
683 2908 731 2963 llei
758 2908 912 2978 perculsus,
944 2908 1067 2978 emplius
1122 2913 1185 2965 caui
1210 2910 1339 2981 precibus
1366 2910 1546 2966 consessione
1569 2909 1700 2981 placatus
1727 2908 1872 2966 exaudisti.
1897 2910 1930 2964 Tu
1988 2932 1989 2937 ι

248 2982 389 3046 tristatur,
402 2986 431 3036 et
446 2981 625 3036 exhorrescet
639 2983 753 3048 peccata
766 2994 828 3033 sue.
842 2979 1068 3060 Etunupiqnem-
1122 2980 1209 3036 etiam
1237 2981 1302 3036 huic
1324 2980 1433 3036 famulo
1455 2986 1504 3035 tao
1527 2980 1649 3051 placare,
1682 2981 1814 3043 Domine,
1837 2979 1931 3049 tuejiii
1988 2994 1989 3011 ι

249 3069 306 3132 que
319 3052 465 3133 hominem
476 3053 658 3130 accedentem
670 3050 705 3104 ad
714 3050 912 3130 penitentiam
928 3065 951 3131 ει
964 3050 1104 3124 viderisc
1121 3068 1147 3177 p
1163 3122 1169 3132 .
1531 3122 1536 3132 Ι
1696 3122 1702 3133 θ

249 3122 608 3179 acriteretassiduestcre
626 3135 654 3173 iu
683 3123 861 3190 paenitentia,
883 3124 980 3174 statim
1009 3136 1068 3175 sus·
1140 3121 1185 3177 ilis
1210 3127 1384 3194 permaneat.
1403 3123 1499 3177 Fletus
1511 3138 1574 3194 ejus
1602 3122 1748 3193 etpetilio
1775 3124 1931 3192 perpetuam

249 3192 311 3264 cipe
323 3209 400 3258 eoin,
416 3191 469 3258 Qui
483 3207 549 3247 vero
564 3193 658 3260 potest
663 3190 797 3262 jejunare
809 3191 885 3261 quod
900 3189 1067 3272 impositum
1120 3192 1303 3249 clementiam
1319 3196 1399 3247 luam
1415 3190 1547 3247 celeriter
1565 3197 1675 3258 exoret,
1699 3191 1859 3262 sanctisque
1871 3188 1931 3244 alti·

1142 3051 1252 3107 recibus
1267 3053 1405 3123 benignae
1420 3051 1523 3122 aspira.
1551 3056 1582 3106 ut
1602 3050 1631 3106 in
1645 3050 1830 3107 consensione
1848 3049 1931 3120 plece-
1988 3084 1989 3091 .

249 3262 342 3327 estei,
358 3262 416 3318 noli
448 3260 608 3333 prohibere,
635 3261 685 3316 sed
705 3259 848 3330 permitte.
879 3260 969 3332 llegis
989 3261 1065 3316 enim
1121 3263 1199 3318 ribus
1213 3268 1242 3319 et
1253 3263 1399 3318 sacrificiis
1424 3263 1581 3328 restitutus,
1605 3263 1665 3333 spei
1695 3279 1811 3318 rursum
1833 3266 1931 3318 aemma
1988 3328 1989 3335 ἵ

249 3333 461 3389 laudandisnat
475 3332 504 3388 hi
524 3331 572 3403 qui
586 3330 715 3386 celeriter
726 3330 853 3385 debitum
870 3332 982 3402 pondus
1006 3348 1068 3402 per·
1121 3333 1244 3390 coelestis
1277 3333 1354 3389 lorice
1370 3332 1558 3403 iueacipatur.
1579 3334 1631 3388 Per
1645 3334 1819 3389 Dominum.

249 3404 522 3467 solverelestinant‚
542 3401 610 3474 quia
633 3399 777 3473 jejunium
805 3401 933 3457 debitum
958 3406 1010 3458 est.
1033 3403 1068 3457 Et
1158 3407 1246 3460 altem
1294 3403 1931 3474 atiomonasimpaiitioriis.-Oominesaacte‚
1988 3386 1989 3441 Ῑ

248 3474 546 3531 sicdatemandatum
562 3472 606 3527 bis
632 3472 660 3527 oi
675 3471 977 3543 poenitentiamegunt.
995 3472 1067 3538 Ouia
1121 3478 1204 3532 Pater
1236 3474 1429 3556 omnipotens,
1452 3478 1558 3530 eterne
1584 3475 1671 3540 Ocus,
1699 3473 1750 3546 qai
1774 3489 1825 3544 per
1847 3472 1933 3527 lesum

247 3546 271 3601 si
285 3545 469 3618 Jejunaverit,
491 3489 719 3613 otcomp‘icierti
735 3541 873 3623 quodlilli
895 3544 1067 3599 mandatum
1121 3545 1266 3601 Christum
1279 3546 1381 3600 Filium
1397 3549 1477 3600 taum
1499 3544 1652 3600 [lominum
1677 3549 1810 3600 nostruin
1831 3542 1934 3597 vulneri

247 3620 319 3672 esta
334 3616 491 3679 sacerdote,
510 3613 704 3685 purificatura
716 3617 850 3683 pcccatis.
871 3614 951 3677 Ouod
972 3613 994 3668 si
1017 3613 1067 3669 ite
1121 3621 1220 3672 nostre
1244 3631 1345 3671 curare
1368 3615 1503 3687 dignatus
1523 3632 1563 3679 es,
1584 3619 1612 3670 te
1640 3615 1787 3687 supplices
1801 3626 1933 3683 amamus,

246 3702 311 3742 rum
327 3688 363 3741 ad
380 3685 518 3757 pristinae
533 3683 766 3739 consuetudinem
791 3683 856 3754 [iel]
882 3684 986 3765 peccati
1025 3701 1066 3739 re·
1121 3685 1210 3768 465
1227 3690 1255 3741 et
1280 3686 1404 3757 petimus
1426 3702 1478 3742 nos
1504 3685 1628 3741 humiles
1651 3686 1695 3741 tui
1719 3686 1889 3751 sacerdotes,
1909 3684 1936 3735 ut

245 3774 343 3813 versus
360 3756 455 3823 luerit,
471 3755 567 3811 sicest
587 3753 822 3826 quomodocauis
843 3771 890 3825 qui
916 3754 1068 3810 revertitur
1122 3760 1251 3829 precibus
1278 3757 1383 3812 nostris
1404 3772 1502 3812 aurem
1529 3761 1586 3813 tuie
1605 3756 1723 3829 pictatis
1737 3755 1875 3811 inclinare
1899 3750 1934 3804 dl·

247 3829 284 3884 ad
299 3827 444 3899 proprium
461 3825 610 3882 vomitum.
627 3824 834 3896 Omniaitaque
849 3824 990 3896 poeaiteus
1009 3842 1067 3881 aon
1120 3827 1227 3900 goeris,
1251 3828 1439 3898 remittasque
1474 3827 1574 3884 omnia
1607 3827 1744 3893 crimina,
1780 3829 1809 3882 et
1833 3825 1936 3897 peccata

246 3898 340 3954 solum
355 3899 440 3953 debet
447 3898 583 3969 jejunare
594 3896 668 3967 quod
685 3894 725 3949 illi
738 3896 908 3951 mandatum
921 3901 964 3951 est
992 3912 1068 3952 asa·
1122 3898 1253 3954 universa
1282 3900 1438 3964 condones,
1464 3898 1570 3980 desque
1596 3897 1664 3954 huic
1693 3897 1807 3954 famulo
1833 3900 1936 3963 tuopro
1988 3944 1989 3951 .

246 3971 370 4034 cerdote,
385 3967 582 4033 verumetiam,
593 3970 744 4039 postquam
759 3966 945 4047 compleverit
954 3982 987 4021 ca
1002 3981 1067 4037 que
1121 3969 1293 4040 supplicibus
1319 3969 1393 4039 [ch.
1410 3967 1567 4041 suppliciis]
1593 3968 1723 4033 reniam,
1771 3984 1803 4023 ro
1825 3977 1935 4043 merore

247 4039 288 4095 illi
306 4040 387 4112 jussa
410 4039 594 4101 suutdebet.
616 4041 756 4119 quantum
777 4036 833 4107 ipsi
853 4036 945 4092 visum
972 4036 1064 4103 luerit,
1119 4039 1261 4103 laetitiam,
1289 4056 1340 4110 pro
1364 4043 1457 4096 morte
1481 4038 1579 4094 vitam.
1611 4040 1674 4109 lpse
1701 3987 1829 4095 coestatis
1860 4048 1936 4105 apicu

243 4111 376 4183 jejunare
391 4108 599 4171 sivetetradcs,
615 4123 673 4163 sive
685 4123 839 4188 parasceve
862 4108 940 4189 [Lep.
969 4124 1066 4177 paras·
1120 4110 1269 4167 devolutus
1291 4115 1344 4175 est,
1358 4114 1387 4165 et
1401 4111 1435 4164 de
1459 4113 1508 4165 tiia
1528 4108 1729 4165 misericordie
1746 4106 1890 4165 conlidens
1902 4103 1934 4158 cd

246 4182 350 4251 cerasi
372 4180 402 4235 Si
416 4179 493 4234 euim
512 4177 601 4258 464
616 4183 708 4258 egerit
719 4194 755 4232 ea
779 4195 839 4248 qum
867 4178 906 4258 illi
933 4179 1066 4234 sacerdos
1119 4182 1226 4237 bonam
1259 4196 1358 4251 pacem
1395 4179 1519 4251 praemiis
1543 4180 1615 4251 [Lep.
1640 4178 1771 4262 praemii]
1799 4176 1839 4232 tui
1862 4178 1936 4299 cipue

245 4250 420 4322 praeceperit,
434 4254 550 4320 peccate
564 4265 626 4321 ejus
640 4252 821 4303 remittentur
836 4264 843 4313 ς
857 4254 1066 4319 siveropostea
1118 4250 1405 4322 ccelestiaperrenire
1420 4251 1715 4308 mereaturadritam
1731 4254 1880 4305 aeternam.
1912 4258 1937 4299 er

245 4337 279 4377 ei
295 4322 497 4444 suaioluutapc
506 4318 690 4454 jejunabicrit,
703 4319 862 4445 inertcedem
874 4319 927 4375 sibi
938 4319 1066 4390 acquiret
1119 4322 1286 4379 Dominum.

244 4397 573 4449 ctrenumcoeorum.
626 4389 651 4444 ui
671 4404 739 4460 ergo
775 4394 823 4445 otc
850 4388 973 4460 septima
994 4390 1063 4446 'e'u·
1203 4425 1241 4437 ..
1537 4426 1543 4438 .
1608 4426 1613 4437 .
1686 4425 1692 4437 .
1765 4424 1771 4436 .

243 4408 355 4519 εειεξίι
370 4479 419 4532 pro
458 4460 573 4525 eccatis,
588 4461 712 4516 Sabbata
727 4464 756 4516 et
771 4459 969 4516 Dominicadie
984 4406 1102 4516 ijnijin-D
1119 4425 1253 4498 “Imp‘'
1265 4426 1453 4481 'emmam
1463 4424 1743 4509 mamni—“¹⁶5
1759 4440 1791 4480 m
1809 4436 1884 4479 “ma
1895 4418 1939 4476 m

243 4534 337 4600 ducet,
362 4538 391 4589 et
412 4478 491 4588 [ἡξει
514 4531 583 4603 quid
604 4530 653 4586 uid
677 4536 776 4602 aptum
800 4530 897 4609 luerit.
916 4529 1065 4588 Custodiat
1492 4512 1571 4551 'mm'

242 4549 607 4674 tamenseucrapulaniii
633 4601 776 4664 ebrietate.
804 4618 873 4673 quia
903 4601 997 4657 omnis
1025 4602 1065 4657 lu·
1156 4602 1341 4673 «Inprimis
1368 4601 1437 4657 dicit
1464 4602 1709 4659 Psalmiiiiiioisni
1722 4594 1940 4671 Aartptomcir

242 4675 325 4732 xuria
339 4676 375 4731 de
388 4674 537 4743 ebrietate,
553 4672 692 4729 nascitur.
708 4672 880 4728 ldeobeatus
892 4673 1066 4744 Pauluspro·
1119 4674 1269 4729 mundum.

243 4743 865 4815 hibuitdicens:Notitnctiiuri'iii'nmi'nquo
875 4752 916 4800 cst
929 4745 1065 4802 luxurio.
1156 4766 1170 4795 «
1186 4743 1269 4810 Deus,
1281 4742 1401 4799 humaui
1413 4744 1525 4814 generis
1535 4740 1750 4813 benegnissimo
1762 4738 1901 4800 conditor,
1915 4736 1941 4788 cl

241 4815 305 4874 Nou
320 4816 388 4889 quia
400 4817 429 4871 iii
444 4815 510 4872 rino
522 4820 565 4871 est
579 4813 702 4880 luxuria,
714 4815 763 4870 sed
779 4815 807 4869 iu
828 4814 975 4871 ebrietate.
1004 4815 1064 4873 En·
1120 4814 1384 4870 misericordissime
1397 4814 1580 4877 reformator,
1602 4812 1649 4884 qui
1664 4813 1696 4868 in
1716 4805 1941 4887 reconciliatione

242 4886 325 4960 plimt
331 4889 489 4970 prolapus.
1120 4886 1265 4956 lapsorum
1276 4884 1363 4940 ctiam
1380 4901 1435 4952 iiie,
1448 4885 1497 4955 qui
1508 4882 1704 4940 misericordia
1718 4887 1771 4938 tue
1787 4883 1893 4964 primus
1904 4891 1941 4931 ia·

281 4979 295 5012 ι
309 4960 338 5013 Si
364 4958 428 5030 quis
449 4957 523 5012 forte
543 4971 599 5011 noa
618 4954 742 5027 potuerit
758 4955 904 5028 jejunare,
928 4958 958 5012 et
981 4956 1066 5013 babet
1120 4958 1213 5027 digeo,
1229 4956 1333 5011 servire
1347 4955 1603 5027 etleclibasgrutie
1617 4959 1676 5009 tuis
1691 4970 1744 5025 per
1756 4953 1939 5029 ministerium

243 5032 319 5086 unde
330 5029 399 5085 dere
412 5030 448 5084 ad
459 5027 670 5093 redimendum,
687 5026 708 5080 si
716 5027 795 5082 dives
811 5024 905 5091 suerit,
931 5044 981 5097 pro
1003 5043 1063 5098 sep·
1119 5028 1296 5083 sacerdotale
1310 5027 1435 5090 voluisti,
1466 5032 1496 5081 ut
1521 5031 1649 5081 cessante
1667 5022 1778 5080 merito
1804 5038 1857 5092 sup
1877 5019 1940 5077 licii.

242 5104 301 5156 tem
325 5100 549 5156 bebdomadibus
569 5099 617 5153 det
642 5097 748 5153 solidos
767 5114 812 5153 iiii.
838 5097 867 5152 Si
891 5102 989 5154 autem
1007 5114 1064 5153 uon
1120 5097 1280 5154 mirabilior
1293 5097 1373 5153 fieret
1386 5096 1537 5153 clementia
1551 5094 1771 5166 Redemptoris.
1791 5094 1846 5149 Per
1896 5086 1941 5143 mi·
1988 5104 1989 5157 ζ

241 5168 373 5228 hahuerit
389 5175 501 5226 tautum
514 5170 588 5225 uude
599 5171 677 5233 dare,
694 5169 741 5223 det
755 5168 861 5225 solidos
871 5184 898 5224 ι.
919 5169 947 5224 Si
967 5173 1065 5225 autem
1091 5197 1097 5212 ·
1119 5186 1189 5226 num
1201 5173 1342 5224 nostruin.

241 5242 365 5299 multum
382 5258 489 5314 pauper
505 5240 597 5304 luerit,
614 5240 662 5294 det
675 5239 782 5294 solidos
798 5255 836 5293 iii.
848 5240 1064 5295 Nemineovero
1157 5260 1171 5293 a
1199 5240 1386 5310 Omnipotens
1409 5235 1582 5310 sempiterne
1605 5236 1693 5303 lleiis,
1722 5230 1874 5291 confitenti
1897 5225 1941 5284 tibi
1988 5272 1989 5279 .

242 5315 402 5373 conturbet.
415 5312 483 5383 quia
507 5311 647 5393 jussimus
659 5378 665 5392 ⁶
678 5310 776 5381 viginti
793 5309 900 5366 solidos
915 5312 993 5368 dare.
1015 5316 1066 5367 aut
1119 5310 1185 5366 huic
1198 5311 1306 5366 lamule
1321 5316 1370 5366 tuo
1386 5326 1436 5380 pro
1459 5314 1508 5365 tue
1523 5309 1627 5390 pietate
1652 5312 1777 5377 peccata
1793 5303 1901 5365 relaxa,
1915 5300 1942 5353 ul

242 5382 568 5449 minus.Ouiasidiies
596 5381 690 5444 luerit,
717 5380 828 5437 lucilius
850 5385 894 5436 est
920 5381 960 5436 illi
995 5382 1065 5437 dare
1119 5380 1405 5453 nonpluseinoceat
1428 5379 1728 5436 conscientiaereatus
1758 5375 1797 5433 ad
1868 5383 1941 5434 nemi

242 5456 348 5512 solidos
364 5472 408 5519 xi,
424 5470 537 5578 quamp
719 5522 724 5535 .

242 5527 493 5600 queattendatcui
533 5540 582 5579 arc
601 5524 761 5587 debet,sire
791 5540 842 5593 pro
869 5524 1065 5593 redemptione
1120 5539 1243 5580 minum.

242 5598 430 5669 captivorum,
456 5596 514 5651 sive
538 5611 621 5665 super
641 5599 740 5650 sancto
758 5593 849 5658 alteri,
877 5592 935 5649 sire
961 5610 1065 5665 paupe·
1158 5594 1260 5650 «Atta.
1274 5592 1503 5664 -Omnipotens
1513 5597 1539 5647 et
1553 5588 1720 5647 misericors
1731 5580 1878 5659 Deus,qni
1887 5597 1943 5667 pec·
1988 5636 1989 5639 ,

242 5669 320 5726 ribus
333 5666 501 5725 Christianis
513 5665 700 5738 erogandum.
713 5664 746 5719 Et
760 5664 813 5719 hoc
823 5663 933 5727 scitote,
950 5662 1063 5728 tratres,
1118 5669 1249 5722 catorum
1258 5663 1465 5744 indulgentiam
1479 5664 1508 5719 iii
1524 5660 1705 5721 consessione
1717 5659 1806 5717 celeri
1818 5662 1940 5731 posuisti,

244 5744 278 5805 at
292 5741 361 5801 duni
377 5738 506 5799 ieaeriat
521 5737 618 5797 edros
633 5734 706 5794 serii
719 5734 1066 5813 ielaacillie,qaereutes
1118 5752 1249 5799 sumeris
1263 5734 1361 5812 tipus,
1377 5735 1513 5797 adserere
1526 5731 1676 5801 contemta,
1690 5736 1725 5791 ut
1735 5730 1815 5811 quod
1828 5724 1942 5791 delicto·
1988 5744 1989 5765 ι

540 5452 812 5523 nuperisolidosiii.
835 5453 889 5508 Sed
916 5452 1066 5534 unusquis·
1119 5452 1468 5535 quamindulgentiatuae
1491 5449 1650 5522 pietatisad
1669 5447 1803 5507 reniam.
1840 5461 1871 5502 er
1896 5445 1943 5499 Oe
