4062 6180
245 198 301 307 ist
360 198 362 207 ’
630 198 666 281 ιιι
686 221 718 283 s.
740 216 911 285 aemonii
931 208 1069 284 einana
1088 198 1416 286 secernanroaeu
1437 212 1555 287 norm.
1790 256 1797 271 ·
1863 238 1912 313 ιι,
1984 302 1985 315 Ν

240 350 332 408 bitere
346 350 459 407 ridetur
474 350 503 406 in
520 351 604 422 epist.
613 353 650 408 ed
665 352 784 408 Fabium
805 353 970 425 episcopum
979 352 1107 415 Antion
1157 352 1222 407 tut.
1252 352 1916 451 DominirnoctaoosPentecasles.lulldilis1035.
1984 334 1985 411 i

242 424 365 481 ebenum
378 424 454 494 apud
468 423 631 488 Eusebium,
648 422 695 479 lib.
711 441 737 478 vr
750 425 819 480 ilist.
837 425 922 494 Eccl,
942 441 1004 496 cap.
1019 424 1064 479 35.
1122 426 1178 488 tur,
1196 422 1338 479 Dorni'ni'ce
1350 427 1379 479 in
1393 434 1466 481 nocte
1480 427 1733 499 Pentecosteiil'ide
1745 434 1854 506 dlicrol,
1866 463 1908 521 rap
1984 464 1985 467 ¹

241 493 330 549 Erant
341 498 439 548 tamen
452 494 594 563 ejusmodi
617 495 750 565 baptizati
779 496 959 568 irregulares.
984 504 1014 551 ut
1029 496 1066 550 lo·
1122 494 1167 557 59)
1182 494 1237 549 Sed
1251 496 1318 576 quid
1334 497 1395 552 brec
1409 498 1462 552 sibi
1476 496 1563 553 velint
1578 514 1635 553 nnn
1650 502 1847 576 satiseapio.lu
1858 494 1915 574 Cod
1984 516 1985 539 ³

241 569 376 690 quantur,
393 565 613 621 nccadclerum
628 566 728 623 ascisci
746 572 889 640 poterant,
906 572 1069 623 attestetur
1124 565 1247 620 liodradi
1264 566 1437 623 rtahabetur
1453 566 1527 623 :Die
1542 571 1679 625 Dominicis
1693 563 1919 655 caratmsignan:
1984 564 1985 607 ³

264 634 390 689 ornelius
404 651 478 707 pape
493 637 614 707 epistola
627 636 725 693 citata.
1122 640 1169 690 tur
1183 642 1280 692 lemen
1297 645 1353 694 tres
1366 638 1515 695 Orationes
1524 638 1553 694 in
1570 640 1644 695 hunc
1657 646 1768 700 modam
1786 665 1793 704 :
1810 654 1917 725 voprem.
1984 674 1985 685 .

278 706 332 761 Sed
347 706 548 763 Thessalorum
561 706 685 764 severior
697 725 783 781 quam
792 708 1068 780 pareratdisciplina
1121 708 1224 762 tionem
1244 716 1373 772 nostran,
1404 711 1525 770 Domine.
1555 726 1713 783 quiniones,
1740 722 1844 789 scandi,
1868 733 1915 786 ein,
1984 738 1985 757 i

243 775 307 841 fuit,
325 776 789 850 kooqnieatresolemnitnlem
803 779 1066 836 Peschelemnemi·
1123 779 1215 848 Super
1226 778 1481 843 oblata2dlnnsra,
1496 781 1617 847 Domine,
1630 785 1854 862 oblateranctifinn
1875 805 1919 856 nie,
1984 822 1985 843 ι

243 862 310 902 nem
325 865 440 919 prorsus
455 850 649 922 baptizabant,
665 852 706 906 ita
717 857 745 906 ut
760 851 857 922 paucis
871 850 995 922 exceptis
1008 868 1067 906 om·
1123 849 1778 921 ddCompleta:llaecnoscoinmnnio,Domine.
1798 837 1921 932 par'eto
1984 890 1985 897 ¹

243 933 294 975 aes
317 918 379 975 sine
401 919 573 991 baptismale
591 938 607 977 e
626 922 696 978 viris
719 923 899 990 excederent,
915 927 947 977 ut
971 922 1069 977 scribit
1121 921 1245 975 crimine.
1260 922 1364 977 Verum
1381 922 1410 977 in
1425 924 1580 993 appendice
1595 926 1724 997 ejusdem
1737 931 1838 989 Codicis
1849 883 1920 995 iaie

244 990 386 1057 Socrates,
406 990 446 1047 lib
476 993 576 1048 allisi.
602 993 768 1063 licel.‚cep.
788 994 832 1048 il.
850 992 879 1049 Si
897 992 1068 1049 ierodein-
1121 995 1184 1047 tur:
1208 991 1351 1047 Dominioa
1364 993 1394 1048 in
1419 994 1519 1049 octabis
1545 995 1706 1051 Pentecosten
1724 1001 1817 1074 ;cujns
1830 1006 1923 1065 Oratio

243 1059 371 1116 lantibus
383 1079 478 1118 sermo
500 1063 547 1129 sit,
569 1063 705 1120 usitatum
731 1064 785 1119 luit
802 1063 956 1136 aliquando
968 1064 1068 1135 priscis
1121 1078 1172 1117 nes
1193 1068 1259 1117 aaut
1274 1068 1305 1118 nt
1317 1063 1468 1120 codicibus
1481 1066 1594 1121 uaiotdi
1607 1071 1636 1121 et
1660 1067 1815 1138 libemensi,
1834 1075 1860 1130 in
1873 1080 1923 1149 qui.
1984 1078 1985 1115 1

240 1130 300 1187 illis
325 1134 500 1203 temporibus
525 1138 556 1190 ut
576 1135 648 1190 citra
666 1134 880 1192 solemnitatem
907 1136 1020 1190 Paschae
1040 1139 1069 1191 et
1122 1133 1268 1189 busnulle
1292 1135 1658 1194 estmentiosanclissimre
1671 1138 1880 1208 Trinitatis3sed
1899 1151 1923 1205 iu
1984 1156 1985 1173 ¹

241 1201 421 1259 Pentecosles
435 1204 609 1276 baptismum
634 1205 819 1288 susciperent,
845 1209 876 1261 ut
886 1205 1021 1261 discimus
1033 1222 1067 1261 ex
1123 1204 1195 1259 serie
1210 1204 1413 1260 Prieiatioiiam
1429 1207 1558 1279 ejusdem
1570 1208 1812 1269 Codicisllodradi
1822 1216 1849 1271 ia
1863 1223 1925 1276 octa·

241 1278 342 1329 sancto
357 1274 510 1347 Cypriane,
521 1276 602 1347 epist.
616 1277 661 1341 59,
673 1276 856 1348 ubidisputat
870 1277 899 1333 in
911 1278 1067 1348 quemdam
1120 1274 1163 1329 vis
1177 1276 1358 1331 Pentecostes
1372 1281 1466 1334 enatat
1488 1277 1618 1348 prelatio
1639 1280 1675 1335 de
1687 1286 1785 1338 sancta
1805 1286 1925 1347 Trinitate
1984 1310 1985 1329 i

241 1344 290 1416 qui
305 1348 488 1402 asseverabat
510 1347 636 1403 inientes
657 1364 715 1403 non
736 1364 798 1404 esse
815 1347 899 1404 tertio
917 1348 1067 1405 eutaltcro
1121 1346 1301 1402 eedemcum
1313 1346 1423 1403 Missali
1439 1348 1717 1407 Romanoethocs.
1737 1353 1776 1408 Eli
1807 1355 1925 1426 iCodioe,
1984 1380 1985 1403 t

241 1415 345 1471 natalis
360 1417 403 1471 sni
419 1416 465 1474 die
480 1419 676 1489 baptizandos,
702 1419 1021 1490 sed,qucmadmodum
1037 1418 1066 1474 in
1141 1417 1311 1472 nemetiam
1333 1418 1457 1489 reperire
1478 1424 1521 1475 est
1547 1421 1576 1474 in
1602 1421 1754 1478 Codicibus
1779 1371 1883 1483 01001οι
1904 1436 1927 1486 et
1984 1476 1985 1493 .

241 1486 465 1559 circumcisione,
491 1493 623 1544 actarum
645 1491 721 1545 diem
743 1506 805 1545 esse
824 1490 1061 1572 exspectandum.
1120 1433 1287 1570 ibemensi.
1302 1489 1331 1543 ln
1344 1489 1542 1570 benedictione
1564 1490 1677 1546 Codicis
1704 1495 1813 1550 lietoldi
1834 1499 1927 1568 primus
1984 1502 1985 1509 ’

240 1557 436 1614 Sienimtum
453 1559 1066 1633 morisluissetinparvulisillrsPsschoeet
1120 1558 1273 1614 versrculus
1288 1559 1422 1615 meminit
1436 1560 1623 1618 sanctissimae
1645 1563 1793 1621 Trinitatis
1816 1566 1844 1622 in
1864 1569 1929 1627 bunc
1984 1586 1985 1597 ¹

240 1628 420 1685 Pentecostes
434 1632 575 1702 protelare
590 1633 677 1694 diem,
694 1631 800 1687 frustra
820 1636 935 1687 sanctus
950 1631 1064 1704 Cypria·
1119 1629 1412 1686 mndnmzlienedi'ont
1426 1648 1470 1686 aas
1485 1633 1635 1687 Trinitatis
1649 1633 1752 1689 dininie
1765 1636 1891 1708 ilnjestas,
1907 1650 1928 1695 et
1984 1630 1985 1641 ¹

241 1715 353 1756 naseos
366 1705 432 1756 ante
444 1706 577 1758 actarum
589 1701 870 1758 natalitiorumdiem
883 1703 1063 1774 possebepti·
1084 1714 1174 1771 ssnna
1196 1701 1299 1767 Deitas,
1320 1701 1414 1763 Pater.
1437 1709 1460 1757 et
1487 1704 1588 1769 Filius,
1617 1711 1642 1758 et
1665 1704 1787 1776 Spiritus
1814 1717 1927 1777 smictai3
1984 1740 1985 1743 =

240 1770 298 1825 nari
314 1774 509 1828 contenderet.
1118 1772 1234 1841 telesqsie
1247 1771 1367 1826 inveniet
1380 1773 1437 1827 dies
1451 1774 1672 1841 examinationis,
1743 1777 1779 1831 les
1788 1780 1871 1834 emisit
1872 1782 1931 1905 qaas

275 1841 337 1896 392.
360 1842 414 1907 Qni
426 1851 635 1898 sacramentnm.
656 1843 684 1898 ln
709 1843 774 1900 eliis
795 1842 1063 1899 Codicibusnostris
1118 1842 1344 1912 reponerationi's.
1366 1842 1461 1899 Arnen.
1489 1847 1525 1899 st
1551 1844 1580 1899 in
1605 1845 1684 1901 Bene
1706 1847 1810 1904 ictioae
1836 1853 1871 1905 Cn
1890 1851 1930 1907 icis
1984 1878 1985 1909 l

240 1927 311 1966 mss.
327 1912 448 1969 habetur
471 1913 603 1969 Praelatio
619 1931 625 1970 :
647 1914 703 1980 Qui
718 1913 862 1971 nscmdens
879 1930 1064 1987 superomnia
1119 1912 1296 1977 Rhomensis,
1313 1929 1348 1968 ue
1360 1915 1479 1969 verbam
1490 1914 1608 1986 quidem
1625 1917 1662 1972 de
1677 1918 1873 1976 sacratissime
1883 1923 1931 1977 Tri-

239 1983 323 2045 colos,
338 1988 403 2047 etc..
420 1989 452 2039 ut
464 1984 492 2038 in
506 1985 611 2040 blisssli
626 1986 767 2043 Romano.
1118 1982 1208 2039 nitate
1223 1983 1318 2040 ridere
1330 1988 1383 2040 est.
1984 2016 1985 2037 ι

276 2054 313 2108 Et
331 2053 401 2109 diem
428 2057 644 2111 sacratissimum
670 2056 831 2111 Peritecostes
859 2056 1062 2127 pravenientes.
1157 2058 1220 2109 llaec
1234 2054 1383 2110 diversitas
1392 2054 1478 2110 cilicii
1493 2054 1560 2112 inde
1575 2058 1717 2119 mensuit.
1740 2060 1816 2129 quod
1829 2061 1932 2132 quidam
1984 2078 1985 2081 ’

240 2123 284 2179 Ita
305 2124 332 2178 in
348 2125 437 2180 unitis
457 2132 485 2182 et
507 2126 534 2181 in
559 2128 709 2182 (lodicibus
734 2129 846 2183 Ratoldi
863 2131 891 2183 et
906 2129 1018 2186 libem..
1035 2132 1064 2183 et
1118 2124 1300 2180 affirmarent
1313 2131 1444 2181 octavam
1462 2128 1643 2183 representes
1657 2144 1723 2185 esse
1734 2130 1932 2195 celebrandam.

239 2196 315 2265 apud
327 2195 496 2252 Pamelium.
508 2200 539 2253 ln
555 2198 657 2254 Codice
673 2199 797 2253 liodrndi
811 2197 1063 2270 legissumme
1119 2195 1390 2268 aliisnegantibus;
1423 2213 1489 2252 uem
1500 2201 1731 2255 controversiam
1752 2201 1781 2256 in
1806 2202 1892 2258 Gallia
1904 2204 1938 2258 di·
1984 2222 1985 2269 j

237 2267 450 2321 secretissimum
476 2271 637 2324 Pentecosten
660 2268 831 2324 celebrantes.
856 2268 980 2339 Optime.
1017 2270 1064 2324 uia
1119 2272 1247 2323 versatus
1261 2268 1352 2324 uerno
1377 2268 1412 2323 ab
1433 2284 1465 2322 as
1490 2268 1652 2340 legiensis,
1682 2278 1714 2326 ut
1733 2270 1794 2342 ipse
1820 2277 1936 2338 testatur,

239 2352 304 2391 cum
332 2337 361 2391 in
376 2338 437 2408 ipsa
450 2345 533 2395 nocte
561 2357 623 2411 quae
646 2340 764 2396 lucescit
789 2340 817 2395 in
832 2340 982 2395 Dominica
996 2286 1065 2395 iaaac
1118 2354 1181 2409 cap.
1204 2337 1295 2393 3libri
1306 2338 1340 2393 da
1354 2338 1525 2410 quibusdam
1542 2341 1680 2396 rebusad
1696 2342 1813 2399 Missam
1826 2350 1940 2416 spectan-

238 2407 324 2462 ldissa
346 2408 415 2463 olim
435 2410 636 2475 celebraretur,
663 2415 727 2481 post
756 2411 909 2482 vesperem
934 2410 1066 2468 videlicet
1119 2407 1205 2474 tibus,
1222 2408 1324 2480 agitari
1338 2409 1418 2474 vidit,
1434 2409 1500 2465 etin
1514 2410 1571 2466 tine
1585 2411 1690 2483 capitis
1705 2415 1826 2470 tandem
1841 2416 1940 2472 conclu·

240 2477 369 2544 Sabbati,
387 2480 451 2551 jnm
473 2480 533 2551 ipse
558 2482 738 2538 Pentecosten
762 2481 822 2538 dies
849 2481 988 2552 inemptas
1003 2486 1065 2538 erat
1120 2479 1162 2534 dit
1175 2479 1377 2535 celebrandam
1390 2485 1593 2536 esseoclevam
1606 2482 1809 2544 Pentecostes.

236 2548 322 2623 juxte
335 2566 446 2606 morem
460 2552 597 2617 Ecclesia,
616 2557 646 2607 ut
660 2569 746 2624 snpra
760 2553 796 2608 de
805 2553 943 2609 Pascbate
957 2553 1065 2609 dictum
1155 2549 1337 2623 Micrologus,
1351 2567 1417 2622 cep.
1437 2552 1470 2606 16
1482 2550 1546 2607 libri
1561 2555 1596 2607 de
1605 2554 1676 2609 eccl.
1690 2556 1941 2625 observationibus,
1984 2594 1985 2601 .

241 2625 294 2685 est,
310 2636 367 2676 non
381 2639 446 2678 vero
458 2624 542 2695 juxta
557 2623 650 2679 seculi
662 2623 908 2680 consuetudinem.
1120 2626 1206 2703 neget
1220 2620 1304 2692 plene
1323 2623 1525 2701 celebrandum
1553 2639 1615 2680 esse
1638 2625 1750 2681 festum
1768 2628 1941 2684 sanctissime

277 2691 339 2747 snt.
361 2692 663 2763 minorennium
680 2712 768 2750 omnis
787 2695 871 2756 calna.
892 2701 946 2750 etc.
970 2698 1000 2749 ln
1015 2695 1067 2750 Cn·
1119 2692 1276 2759 Trinitatis,
1290 2693 1358 2764 quie
1378 2693 1518 2749 Dominici
1534 2694 1594 2750 dies
1614 2697 1681 2767 eJus
1705 2698 1813 2753 bonosi
1827 2699 1943 2770 deputati
1984 2684 1985 2741 i

242 2761 303 2817 dice
325 2763 427 2819 libem.
446 2770 490 2820 cst
513 2766 597 2821 aliar
619 2766 777 2821 Praelatio:
803 2766 857 2832 Qni
885 2766 961 2821 bodie
978 2767 1065 2821 sanni
1119 2769 1195 2825 sunt.
1207 2764 1361 2835 scribitque
1376 2764 1503 2820 cilicium
1524 2766 1560 2821 de
1582 2773 1687 2822 sancta
1709 2769 1850 2826 Trinitatc
1870 2769 1945 2826 tuisse
1984 2814 1985 2819 .

240 2833 368 2906 Spiritus
379 2837 542 2892 celebramus
553 2837 708 2902 odoentnm,
723 2842 788 2902 ete,
805 2842 835 2892 ut
850 2837 877 2892 in
901 2836 985 2893 blissa
1000 2840 1066 2891 Am·
1119 2835 1310 2905 compositum
1337 2851 1356 2889 e
1373 2835 1519 2906 Stephano
1542 2836 1708 2906 Leodieusi,
1733 2840 1861 2912 illudque
1873 2858 1942 2912 repa·
1984 2850 1985 2917 i

240 2904 385 2970 bresiana,
402 2907 431 2962 in
468 2908 737 2980 narcctiuslegilur
754 2914 783 2960 ro
802 2909 876 2978 qaia,
901 2907 988 2962 bisin
1004 2907 1065 2980 ejus
1120 2904 1945 2993 dietumluisseaaedeapostolice3etdlexendrumpapam
1984 2962 1985 2977 ,

239 2975 297 3032 fine
309 2925 618 3050 additistinapropler
630 2980 751 3051 profusis
760 2979 869 3050 qoadiis
880 2985 951 3034 totns
962 2980 990 3033 in
1005 2978 1065 3033 orbe
1120 2976 1287 3048 requisitum
1313 2978 1348 3033 de
1368 2977 1414 3032 die
1438 2982 1546 3033 sauctae
1569 2978 1734 3045 Trinitatis,
1764 2982 1944 3054 respondisse,
1984 2998 1985 3029 t

239 3054 380 3103 terraram
393 3051 508 3105 mundns
522 3051 649 3111 insultat.
665 3067 728 3120 qne
743 3050 940 3105 desiderantur
951 3048 980 3104 in
994 3051 1062 3105 Cod.
1079 3064 1102 3125 0
1117 3049 1200 3120 juxte
1211 3047 1349 3103 Ordinem
1363 3049 1525 3105 Romanum
1548 3049 1663 3106 nullum
1690 3052 1772 3108 diem
1797 3054 1945 3124 specialiter
1984 3074 1985 3119 ,

239 3118 344 3175 libem.
364 3121 507 3176 lacedem
525 3121 946 3202 Ambrosinnablisseleqitur:
964 3120 1066 3175 Distri-
1119 3119 1222 3173 ascribi
1246 3120 1350 3175 debere
1370 3120 1546 3176 solemnitati
1561 3128 1672 3178 sanclae
1699 3123 1862 3191 Trinitatis,
1884 3123 1948 3180 sicut
1984 3150 1985 3179 i

239 3188 318 3245 bntor
329 3190 398 3246 idern
413 3199 438 3247 et
451 3192 516 3263 fidei
529 3192 614 3247 anias
634 3193 752 3262 effector,
767 3208 832 3246 cum
853 3208 882 3246 m
905 3190 979 3246 dicto
994 3191 1063 3246 Cod.
1119 3205 1170 3246 uec
1180 3195 1286 3245 sanctie
1294 3191 1689 3263 Unitatis,precipuecumin
1703 3196 1787 3250 omni
1801 3195 1945 3260 [lominica
1984 3202 1985 3243 l

239 3261 343 3319 Rbem.
354 3262 493 3345 scriptum
503 3262 549 3328 sit,
561 3263 726 3318 distributor
735 3263 815 3329 iden,
829 3270 853 3317 et
863 3279 936 3318 nnus
945 3263 1063 3332 effector.
1117 3259 1177 3316 imo
1189 3261 1325 3386 quotidie,
1340 3262 1485 3333 utriusque
1494 3264 1636 3344 memoria
1647 3265 1826 3322 celebretur.
1840 3267 1947 3331 Temen,
1984 3280 1985 3331 s

273 3332 336 3387 395.
356 3332 1062 3406 Insprieis.0ptime.lnEditisctaliisCodicibus.
1118 3347 1183 3387 cum
1216 3348 1250 3387 oc
1270 3332 1374 3388 festum
1391 3335 1531 3389 habeatur
1558 3350 1587 3389 ιιι
1612 3342 1718 3392 nostro
1741 3336 1849 3394 Codice
1869 3336 1949 3393 sancti
1984 3386 1985 3397 .

238 3403 344 3459 nostris
357 3421 426 3460 mss.
447 3410 475 3461 et
487 3409 564 3476 apud
583 3406 744 3461 Pamelrum
759 3403 784 3460 le
805 3403 1063 3460 tierbinnnmerts.
1117 3401 1637 3474 Eligii,etinSacramenteriseditis
1659 3424 1697 3463 ex
1726 3408 1879 3476 Vaticano,
1899 3423 1949 3463 nna
1984 3422 1985 3465 t

274 3474 336 3531 330.
356 3477 379 3530 Α
397 3494 440 3548 spe
449 3478 485 3531 ad
499 3478 609 3547 speciem
616 3478 771 3548 pervenire.
785 3422 834 3531 ist
848 3475 1063 3602 qaronomasia,
1116 3478 1161 3556 est
1172 3474 1290 3555 dubium
1301 3474 1369 3545 quin
1381 3474 1469 3530 luerit
1480 3475 1549 3531 alim
1569 3477 1768 3543 celebratum,
1798 3481 1849 3537 sed
1864 3483 1952 3552 pastea

238 3544 267 3600 id
282 3550 419 3618 estespe
432 3550 469 3602 ad
486 3547 649 3604 fruitionem
665 3555 839 3603 aeternorum
870 3562 1064 3617 onorumpcr·
1117 3549 1323 3607 intermissum,
1341 3548 1705 3618 tandemquealiomenis
1746 3551 1907 3607 ontificibus
1918 3549 1953 3605 in·

239 3616 335 3672 venire
351 3620 386 3672 ad
402 3619 676 3689 contemplationem
688 3619 768 3675 laciei
782 3619 852 3685 Dei;
868 3634 935 3673 nain
955 3635 968 3673 s
990 3619 1063 3673 ecies
1117 3621 1290 3697 stannatum.
1307 3618 1555 3699 Etmircrsaneid
1567 3621 1645 3690 quod
1663 3568 1806 3677 scribitur
1818 3622 1952 3677 abeodem

240 3687 343 3744 seriem
359 3690 382 3744 si
405 3689 510 3745 nificat.
527 3690 635 3745 Nonius
650 3691 809 3755 Marcellus,
821 3706 883 3761 cap.
903 3690 941 3745 l:
976 3689 1063 3762 peries
1118 3686 1320 3760 blicrologade
1339 3688 1626 3745 l’raeletianesanctae
1641 3691 1895 3749 Trinitatisal’el
1931 3691 1954 3746 io

237 3706 469 3832 dicitnrriiqies
491 3762 585 3832 facici.
608 3762 702 3816 Livius
714 3760 954 3833 AEpisto:iomne
976 3760 1063 3815 oeulis
1117 3758 1425 3831 papeinstituta,cum
1442 3759 1577 3815 aitillam
1601 3760 1709 3819 diebus
1725 3764 1887 3820 Dominicis
1917 3779 1954 3817 re·

237 3836 323 3901 specie
344 3831 408 3886 leta
433 3833 490 3887 oiri
511 3832 634 3903 optabili.
659 3833 747 3897 Unde,
765 3848 827 3904 cap.
851 3832 877 3897 l,
894 3831 1008 3888 aimus
1030 3831 1062 3886 ab
1116 3834 1342 3900 quentari3nana
1365 3830 1395 3884 in
1419 3832 1553 3887 omnibus
1575 3833 1687 3890 nostris
1718 3833 1955 3891 Sacramentariis
1984 3850 1985 3853 ¹

236 3909 348 3971 aspectis
372 3904 481 3971 specics,
505 3912 530 3959 et
556 3921 573 3958 a
592 3903 715 3975 inqendo
736 3904 835 3974 pipare,
857 3902 898 3957 ita
923 3904 1063 3973 eiectare
1117 3917 1185 3955 mas.
1200 3905 1229 3956 ct
1241 3903 1268 3954 ιιι
1287 3900 1375 3955 Editis
1394 3917 1428 3957 en
1445 3902 1592 3968 Vaticano,
1608 3906 1767 3977 ejusmodi
1783 3905 1913 3963 Praelatio
1931 3905 1956 3960 ιιι

236 3974 358 4054 corporis
376 3975 469 4045 sanies.
495 3975 607 4046 Species
620 3991 687 4046 ergo
703 3976 757 4029 bac
771 3974 833 4029 loco
855 3978 898 4028 est
915 3973 994 4028 clere
1013 3973 1062 4029 Dei
1117 3971 1196 4026 nulla
1206 3971 1356 4026 [lominica
1371 3973 1406 4044 lsi
1432 3979 1564 4028 octavam
1590 3976 1787 4033 Pentecosten
1812 3977 1956 4047 exceperis)

236 4042 317 4098 risio.
336 4046 380 4101 lte
393 4048 468 4116 apud
482 4046 698 4107 Tertullianum,
715 4045 767 4100 lib.
794 4045 828 4101 de
845 4044 1062 4103 Resurrectiane
1118 4041 1267 4113 reperitur,
1281 4044 1331 4098 sed
1346 4043 1465 4116 singulis
1484 4045 1640 4101 Dominicis
1658 4049 1787 4130 proprie
1798 4065 1853 4105 sua
1866 4046 1956 4104 tribui-

236 4115 348 4170 carnis:
374 4116 468 4188 ltoqne
492 4118 588 4186 confisi
612 4133 715 4188 semper
735 4123 761 4172 et
785 4117 895 4171 scientes
921 4115 1062 4187 quodcum
1117 4118 1164 4167 tur
1176 4113 1384 4186 Prialetio;qai
1399 4131 1469 4171 sane
1481 4115 1593 4172 codices
1618 4134 1693 4174 mss.
1713 4136 1783 4191 ipso
1812 4121 1958 4200 blicroloqo
1984 4142 1985 4151 ι

235 4185 417 4242 immoremur
430 4189 460 4242 in
475 4204 592 4258 corpore,
609 4188 823 4259 percpi-inainnr
835 4204 852 4241 a
864 4186 980 4242 Domino
989 4204 999 4251 ;
1009 4203 1062 4256 pei·
1116 4189 1184 4239 sunt
1196 4184 1382 4255 antiquiores,
1398 4186 1446 4258 qui
1457 4186 1576 4257 proinde
1588 4188 1687 4245 solam
1705 4206 1772 4248 suaa
1787 4194 1959 4263 tempestatis

233 4256 312 4327 Mem
329 4258 401 4312 enirn
416 4258 574 4322 incedimus,
588 4276 639 4313 non
649 4276 700 4330 per
712 4260 833 4330 speciem.
1118 4272 1185 4311 usus
1198 4256 1227 4311 in
1246 4256 1419 4327 quibusdam
1446 4256 1534 4314 ltnliee
1549 4258 1619 4314 locis
1644 4261 1807 4319 rationem
1834 4261 1961 4319 babuisse
1984 4302 1985 4315 .

270 4328 332 4383 397.
354 4329 440 4383 Feria
453 4334 478 4384 t.
495 4332 561 4384 Hrec
577 4329 648 4385 leria
660 4346 717 4385 non
732 4334 774 4384 est
788 4330 816 4384 in
836 4328 985 4386 Codicibns
1003 4327 1060 4383 Ro·
1119 4326 1241 4393 iidelur,
1257 4327 1394 4383 nonsatis
1409 4328 1556 4400 explorato
1569 4346 1620 4385 usu
1632 4332 1699 4386 auti
1727 4333 1825 4389 uiore.
1835 4336 1962 4399 Quareex

234 4397 318 4453 dradi
334 4404 361 4453 et
375 4400 539 4467 Rbemensi‚
553 4401 588 4456 de
602 4417 659 4471 qna
674 4400 714 4455 ita
726 4406 845 4456 monent
866 4401 942 4457 Orda
958 4401 1061 4455 Roma·
1118 4396 1162 4453 bis
1176 4415 1238 4468 quei
1252 4400 1694 4473 suprapositasuniejuamonie
1706 4446 1719 4458 .
1731 4404 1962 4461 raelelioridetnr

235 4485 299 4534 nus,
314 4475 343 4525 et
357 4470 510 4527 alcoinus:
526 4473 636 4527 Feri'ob
651 4471 722 4527 deest
735 4472 853 4543 oifirimn
867 4479 894 4526 et
916 4471 1002 4527 Misso
1011 4489 1021 4535 ;
1036 4477 1061 4525 et
1118 4486 1135 4525 a
1150 4469 1265 4542 Pelagio
1277 4470 1409 4525 instituta
1424 4472 1459 4526 ob
1474 4472 1579 4527 testum
1592 4478 1706 4530 sanctae
1721 4475 1892 4533 Trinitatis.

236 4539 295 4595 idea
309 4541 384 4597 debes
403 4550 513 4598 cantare
534 4543 565 4597 de
586 4543 726 4599 [lominica
746 4544 917 4598 Pentecosten.
936 4544 964 4597 ln
991 4542 1061 4599 Cod.
1151 4541 1215 4597 lbi.
1232 4540 1284 4605 Oai
1297 4556 1357 4595 cuin
1371 4542 1510 4613 nniqenito
1528 4542 1597 4613 filio,
1621 4551 1680 4602 etc.
1699 4547 1798 4604 Recte
1821 4548 1962 4619 Corippus,

235 4613 349 4668 lietoldi
371 4613 483 4669 abbatis
507 4614 591 4670 ldisse
607 4616 691 4687 hrrjus
708 4614 785 4670 serie
797 4614 902 4685 quinte
918 4618 961 4669 est
982 4617 1013 4668 ut
1032 4612 1061 4668 in
1117 4609 1165 4669 lib.
1182 4613 1218 4667 de
1231 4612 1376 4668 Laudibus
1388 4612 1493 4668 tustini
1508 4614 1643 4671 minoris:

271 4754 333 4810 398.
345 4758 402 4837 po,
413 4772 574 4841 quaesumus,
595 4757 733 4840 Ecclesiae,
750 4762 815 4825 inis,
832 4759 886 4839 etc.
913 4756 944 4811 In
961 4754 1062 4812 Codice
1194 4771 1311 4844 Indiciere
1325 4786 1436 4822 manens
1455 4773 1548 4829 Patris,
1564 4774 1714 4840 Genitique
1726 4782 1872 4850 potestas,

236 4823 352 4882 lietoldi
365 4830 523 4883 ebbalrsest
532 4830 578 4885 liic
590 4830 647 4884 alre
656 4829 752 4898 Missa,
760 4828 1061 4898 rraesationeercepta.
1195 4836 1308 4899 Spiritus
1325 4839 1351 4884 et
1365 4840 1475 4885 sanctus
1487 4839 1638 4887 substantie
1649 4840 1786 4891 creditur
1804 4855 1877 4896 una.

272 4898 334 4954 399.
354 4897 425 4954 Stin
438 4898 549 4971 ieiunio
570 4900 667 4973 feerit.
684 4900 748 4955 tinec
763 4901 848 4955 rerba
863 4898 1063 4953 desiderantur
1193 4897 1331 4946 erassum
1345 4911 1475 4961 persone,
1494 4900 1651 4973 subsistunt.
1670 4905 1851 4955 nominatur
1871 4908 1925 4953 ent.

235 4967 265 5024 in
281 4969 368 5024 Editis
383 4974 412 5025 et
423 4971 452 5025 in
475 4971 538 5027 eliis
563 4971 712 5027 codicibus
728 4971 833 5027 nostris
855 4987 923 5025 mss.
944 4974 972 5025 et
986 4969 1063 5052 apud
1195 4958 1282 5038 utque
1295 4959 1372 5009 Pales
1384 4961 1452 5009 ⁰0⁰⁸
1465 4965 1513 5017 ⁰⁸¹·
1530 4962 1639 5033 donitas
1651 4962 1849 5031 Deusaequus
1880 4978 1967 5019 ⁰⁰⁰⁸&
1984 5030 1985 5033 ,

235 5040 394 5097 Pamelium
438 5044 572 5098 Notanda
605 5048 713 5107 tamen,
738 5042 806 5113 quia
826 5041 896 5097 olim
921 5041 1062 5114 'ejunrum
1140 5068 1149 5083 ·
1194 5023 1470 5085 b1³¹f¹i¹¹⁸³²⁸³²¹¹02¹¹⁸
1488 5023 1685 5087 pusillium

255 5113 330 5167 uarli
346 5113 453 5169 mensis
469 5131 525 5169 non
541 5130 655 5184 semper
666 5114 789 5169 cedebat
803 5114 833 5169 in
849 5058 1063 5169 bebiiomadem
1153 5108 1214 5164 tos.
1232 5110 1371 5192 Dediontio
1386 5110 1502 5194 basilicis
1514 5114 1603 5168 sancti
1614 5114 1798 5174 Nicomedis.
1817 5117 1985 5195 Hiecllisse.

234 5129 418 5240 ientecoates
430 5204 437 5251 ;
451 5202 507 5255 qua
527 5186 562 5241 de
575 5202 606 5240 re
626 5184 713 5240 inire.
1118 5195 1177 5236 non
1189 5181 1345 5237 liabeturin
1359 5182 1456 5249 Edrtrs,
1472 5189 1564 5239 exstet
1579 5191 1680 5240 tamen
1702 5187 1737 5243 iu
1755 5190 1902 5245 omnibns
1913 5185 1985 5247 aliis]

272 5253 358 5327 401
378 5256 441 5311 too.
460 5257 494 5312 in
516 5273 562 5312 nos
575 5257 691 5327 spiritns
706 5255 750 5311 toi
764 5255 852 5311 tomen
877 5255 1018 5328 infundat.
1033 5253 1064 5309 ld
1120 5251 1262 5307 codicibus
1277 5253 1383 5308 nostris
1397 5270 1478 5321 mss,
1490 5259 1519 5310 et
1535 5258 1612 5326 apud
1634 5256 1833 5326 Pameliuna,
1849 5260 1864 5303 i
1880 5262 1909 5317 in
1923 5275 1985 5332 qua,

234 5331 288 5391 eat,
304 5332 335 5381 ut
353 5327 434 5383 nabis
457 5327 579 5399 Spiritus
594 5328 634 5385 tui
647 5328 747 5384 lumen
759 5326 941 5383 infundetur.
954 5326 1003 5382 Est
1015 5326 1063 5399 by·
1119 5323 1198 5381 decet
1212 5328 1241 5376 τὸ
1252 5324 1384 5381 basilicis.
1403 5326 1434 5380 ln
1451 5326 1553 5382 Codice
1565 5328 1731 5385 Rbemensi
1742 5332 1886 5403 obrepsit
1899 5346 1985 5399 error

235 5398 359 5470 pellege.
1119 5394 1149 5450 in
1161 5394 1243 5452 titulo
1254 5415 1263 5467 ;
1273 5394 1376 5469 legitur
1385 5397 1463 5453 enim
1482 5397 1632 5464 Nicodlini,
1650 5400 1708 5471 qui
1721 5404 1836 5461 temen
1848 5405 1934 5463 abest
1945 5402 1985 5459 ab}

271 5566 442 5623 seelestam
467 5567 578 5622 omnino
601 5566 709 5622 diversa
732 5565 758 5619 in
785 5571 838 5621 ret.
866 5568 985 5621 Sacram.
1000 5564 1064 5620 Gel-
1119 5564 1352 5636 qneeredenti'nm
1364 5564 1513 5635 presentia
1524 5580 1582 5620 snae
1594 5564 1771 5635 Maiestatis
1782 5571 1926 5645 impleuit.
1984 5568 1985 5581 ¹

237 5634 355 5705 lic.,ubi
373 5640 470 5695 testum
493 5636 1064 5725 bocappelleturinQninqnopesi'ino,·el
1155 5636 1258 5715 ⁰iiulti
1287 5639 1388 5701 allss,
1412 5637 1513 5691 nostris
1533 5637 1634 5691 babent
1655 5636 1883 5700 Praelationem
1914 5640 1985 5699 hanc}

238 5713 334 5767 eadem
349 5708 377 5763 in
390 5709 489 5767 Codice
503 5709 574 5781 fleg.
590 5708 696 5764 buccine
708 5715 735 5764 et
745 5707 772 5763 in
787 5707 849 5764 eliis
870 5708 938 5763 Mss.
950 5706 1064 5766 nostris.
1119 5705 1262 5762 Dominicis
1283 5720 1333 5763 seu
1345 5705 1519 5763 hebdomade
1532 5707 1654 5763 amende
1681 5718 1757 5780 post
1773 5713 1979 5771 Pentecosten.

273 5778 336 5843 bin
350 5780 418 5840 Cod.
438 5779 509 5854 fleg.
534 5780 615 5837 Sacc.
639 5778 763 5854 legitur:
786 5778 924 5853 Apostolos
950 5779 1064 5853 plebeia·
1154 5777 1216 5834 dlu
1236 5779 1304 5836 Cod.
1320 5776 1431 5835 Celenai
1444 5776 1674 5853 legituriliatole
1687 5785 1801 5843 sancii·
1825 5786 1985 5857 ninantur

1984 5862 1985 5893 l
