4136 6180
243 182 305 281 on

573 162 777 277 'errarunt
796 213 847 273 nn
869 213 902 274 s,
928 211 1113 285 ennoean
1133 215 1252 279 nsunt
1273 186 1473 281 irruamus
1492 165 1623 282 eruat.

1864 224 1912 293 att
2002 246 2003 257 ¹

245 347 385 405 rulariom
400 345 507 413 scribit,
523 347 594 418 quod
621 348 732 405 diaconi
758 364 819 402 cum
832 346 1011 415 subdiaconis,
1027 364 1073 407 seu
1088 354 1112 414 Α
1127 349 1277 405 tenebatis
1293 350 1340 422 qui
1353 350 1468 407 mitram
1484 350 1610 477 pontifici
1621 351 1799 422 ministrabat,
1813 358 1916 416 testante
2004 370 2005 395 ³

245 421 301 475 isi
313 415 471 483 sacerdotes,
495 420 580 473 sacris
603 421 697 475 amicti
716 420 848 486 uestibus,
874 437 934 475 cum
957 420 1073 475 melodia

269 490 417 546 animorum
428 506 612 561 conspersum,
622 491 651 546 id
663 495 705 545 est
715 490 817 563 panem
832 490 1071 547 infermentatum

245 563 282 617 ad
296 560 479 629 sacrificium,
491 569 516 617 et
532 564 562 618 iu
575 563 725 618 secretario
735 569 868 633 parotium
881 580 913 617 en
926 565 1072 619 secretario

242 631 431 714 proferebant.
445 634 507 698 Qua
522 634 556 689 de
566 650 597 691 re
621 634 746 707 legenda
768 633 993 690 Consuetudines
1008 634 1073 690 Clu·

244 719 403 760 auscenses.

279 777 322 832 Ad
337 776 437 831 vinum
447 776 522 849 quod
535 774 647 843 attinet,
665 776 778 833 amulas
791 775 901 835 oblutas
934 776 1072 832 fundebat

243 846 463 903 archidiaconus
478 848 507 903 in
520 848 648 918 calicem,
686 865 722 903 uo
743 848 877 904 utebatur
893 848 1019 918 pontifex
1034 849 1071 919 ad

243 918 506 990 consecrationem;
525 924 554 976 et
567 937 633 976 cum
648 867 686 975 aa
698 936 845 977 summum
860 919 985 990 repletus
998 923 1070 984 erat,

242 989 273 1045 in
289 990 376 1046 utinm
390 990 509 1046 calicem
519 990 747 1059 ministerialem,
772 1008 857 1062 quem
870 992 985 1046 tenebat
998 1007 1071 1045 unus

243 1061 402 1134 acolythus,
415 1061 557 1133 deplebat.
574 1063 624 1119 Hic
638 1062 711 1118 calix
721 1063 749 1118 in
765 1061 867 1117 libellis
890 1063 995 1117 nostris
1009 1078 1069 1133 scy-

241 1132 315 1205 phus
330 1132 501 1205 appellatur,
518 1138 717 1206 praeterquam
744 1133 817 1188 alius
831 1133 904 1188 calix
919 1134 1015 1206 major
1027 1149 1071 1187 as·

241 1204 265 1260 si
287 1208 372 1261 natur
386 1204 416 1261 in
431 1204 515 1261 tertio
527 1205 634 1263 libello.
649 1209 713 1262 tlaec
727 1205 887 1260 observatio
909 1202 1071 1260 necessaria

241 1221 285 1332 esi
308 1277 392 1333 adea
407 1275 577 1334 illustranda
602 1295 663 1349 quse
678 1278 713 1333 de
738 1276 875 1331 laicorum
903 1276 954 1331 sub
978 1275 1071 1331 altera

241 1346 334 1420 specie
360 1348 562 1405 communione
587 1352 688 1420 postea
713 1347 815 1403 dicturi
839 1364 949 1405 snmus.
981 1346 1070 1401 Porro

241 1424 460 1491 cuutoraquam
475 1419 564 1476 linteo
588 1423 752 1490 coopertam
773 1418 912 1473 offerebat
938 1417 1068 1481 diacono,

165 1508 171 1513 ’
203 1518 205 1523 ·
241 1490 532 1561 quieumcumrino
551 1491 580 1546 in
600 1491 688 1547 calice
714 1490 860 1554 miscebat,
893 1489 1070 1545 infundendo

240 1560 271 1616 in
281 1563 400 1617 modum
416 1561 518 1618 crucis.

275 1633 440 1691 loanneslfl
459 1631 558 1688 statuit
575 1640 606 1689 ut
619 1632 774 1698 oblationes,
797 1637 821 1686 et
835 1632 945 1700 omnim,
973 1630 1015 1686 trel
1029 1631 1069 1685 lu·

238 1704 363 1759 minaria
377 1704 405 1759 in
418 1706 574 1761 emunctoriis
581 1722 631 1776 per
643 1721 731 1759 omnies
744 1704 899 1758 Dominicas
911 1703 942 1758 de
957 1702 1070 1758 Latera·
1085 1717 1109 1775 Β

239 1776 283 1830 nit
298 1776 536 1832 ministrare-ntur.
559 1775 710 1847 Gregorius
724 1775 759 1829 Ill
773 1775 841 1829 item
858 1774 982 1829 instituit
996 1782 1025 1829 ut
1039 1776 1070 1828 in

238 1847 509 1902 cemeteriircircum
528 1864 613 1919 unque
627 1847 723 1918 positis
748 1849 852 1910 Dorium,
869 1847 900 1899 in
927 1845 970 1899 dia
989 1853 1070 1901 nuta·

239 1917 363 1974 fitiorum
380 1934 481 1987 eorum,
512 1865 662 1974 fammaris
691 1918 726 1972 ad
753 1919 866 1989 orqitius
904 1917 1030 1973 sciendas
1044 1924 1068 1971 et

170 2037 174 2045 ,
238 1989 877 2062 oblationerdeputriurobioperobtutiouarium
896 1987 1068 2060 xnvtqaepor-

237 2068 365 2117 tarcutur
377 2062 416 2117 ad
423 2062 594 2117 celebrandas
604 2062 634 2119 tt
636 2063 701 2117 istos
707 2077 838 2133 perqttem
844 2060 999 2131 providerit
1002 2077 1070 2131 pon-

237 2132 319 2215 tisun,
347 2134 394 2205 qui
427 2150 477 2204 pro
505 2141 622 2204 tempore
648 2133 745 2205 suerit,
771 2135 941 2186 sacerdotem.
970 2131 1069 2186 Exstat

237 2205 368 2285 equsdem
382 2201 511 2275 Gregorii
522 2205 556 2261 lll
570 2204 699 2275 diploma
720 2203 754 2259 de
768 2201 961 2257 oblationibus
975 2202 1068 2272 quoti-

236 2274 329 2330 dianis
346 2293 396 2347 per
412 2291 478 2331 cum
495 2275 578 2331 iactis
599 2275 637 2329 ad
660 2277 792 2329 sanctum
808 2273 940 2340 Paulum,
963 2289 1067 2344 nempe

236 2346 267 2399 iu
277 2346 370 2417 prima
389 2346 475 2402 Missa
488 2345 523 2400 ad
548 2362 643 2416 corpus
670 2345 784 2399 oblatam
797 2361 893 2409 ieonum
910 2347 938 2401 iu
951 2345 1067 2399 secundo

234 2416 322 2473 Misso
333 2417 368 2472 ud
382 2423 506 2472 sanctum
522 2417 690 2473 Tiowtbeurn
717 2415 833 2471 obtutum
847 2433 929 2471 unuin
943 2433 951 2482 ;
969 2417 998 2469 iu
1013 2423 1067 2471 ter·-

235 2487 277 2545 tiu
285 2487 370 2545 Mimo
395 2488 430 2542 ud
462 2489 607 2559 imaginem
621 2488 788 2555 Saluutorr's,
810 2504 873 2558 qum
888 2495 913 2543 et
927 2487 1065 2559 Apostolo-

234 2575 307 2626 rum,
337 2559 456 2614 oblatam
473 2559 619 2630 uucm5iu
648 2567 746 2631 quarto
771 2559 857 2616 Misso
879 2559 914 2614 ad
941 2566 1064 2614 sarnetum

236 2629 396 2702 Greqorium
410 2630 554 2701 adjauuos
575 2631 691 2686 oblatum
702 2648 783 2685 renutu
795 2647 805 2696 ,·
825 2630 920 2684 ‹leiode
936 2631 966 2685 itt
980 2630 1065 2687 otissa

234 2703 331 2783 quinto
342 2703 378 2757 od
392 2702 482 2758 altore
494 2703 596 2774 majore
615 2702 719 2757 oblutas
738 2702 816 2757 duas.
842 2702 880 2756 En
895 2717 950 2773 qno
967 2701 1063 2757 rideas

229 2788 293 2845 qam
305 2776 373 2828 tunc
385 2773 414 2829 in
426 2773 476 2829 illa
492 2773 610 2829 basilica
621 2790 669 2829 sex
682 2772 785 2828 missas
798 2790 849 2843 per
862 2773 982 2839 sinquloe
995 2773 1061 2838 dies,

233 2844 392 2970 etquidem
419 2843 448 2900 in
475 2844 595 2901 dirersis
618 2845 757 2899 altaribus
782 2842 880 2898 solitas
906 2843 1071 2900 celebrari.⁴

233 2914 285 2985 Dip
298 2932 363 2971 omn
380 2916 421 2970 ita
434 2915 578 2971 concludit
591 2915 720 2986 pontifex
735 2932 742 2970 :
756 2915 811 2973 Nu
829 2931 892 2979 uero
907 2914 966 2969 ideo
988 2916 1061 2973 dedi·

232 3002 291 3039 tuus
303 2987 348 3041 boc
363 2988 465 3056 rtrujore
475 2989 564 3043 altore
590 2986 736 3053 monacbis,
761 2993 790 3041 ut
806 2986 862 3040 tuo
889 2986 979 3039 ouruio
993 2987 1060 3044 Aurtt

233 3057 444 3126 omnitempore.
467 3058 572 3112 Confer
585 3056 721 3130 'typicum
735 3058 824 3111 Irenae
841 3056 923 3111 Ducae
939 3056 1058 3139 itnpcra-
1076 3077 1101 3141 G

233 3127 321 3191 tricis,
338 3144 400 3197 cap.
416 3128 461 3192 ut,
495 3145 537 3183 ute
552 3127 672 3198 singulis
686 3128 785 3183 diebus
796 3128 824 3182 in
838 3127 932 3182 divina
945 3120 1059 3203 liturgia

231 3206 329 3271 septem
347 3215 432 3270 panes
452 3145 546 3254 ofierri
569 3198 710 3324 praeceqrit,
725 3197 928 3254 analectorum
952 3200 1060 3254 Gnaeo-

231 3286 297 3325 rum
310 3270 389 3326 tomo
414 3268 516 3340 primo,
534 3287 581 3341 qur
608 3287 659 3326 nos
689 3286 771 3325 orum
787 3271 881 3325 studio
896 3270 1059 3340 nuperrime

232 3339 339 3412 prodiit
349 3342 379 3397 in
394 3341 496 3396 lucem.
956 3344 961 3353 '

265 3413 309 3467 Ab
325 3411 408 3468 annis
424 3411 547 3494 amplius
562 3410 780 3487 quadringentis
804 3411 896 3469 desita
909 3416 951 3468 cst
964 3412 1058 3469 offerri

231 3500 250 3539 a
274 3482 354 3539 laicis
386 3489 507 3540 matema
535 3483 749 3550 sacrificii3sed
770 3485 944 3556 Augustinus
969 3484 1060 3547 Patr't·

230 3554 300 3620 cius,
317 3554 346 3610 in
361 3571 412 3610 suo
428 3554 627 3613 Caeremoniali
641 3555 776 3610 describit
796 3557 914 3610 modum
929 3556 977 3627 qni
992 3562 1059 3613 ante

230 3626 680 3683 annosducentcs‘observandus
703 3632 765 3683 erat
794 3625 823 3681 in
854 3627 997 3689 oblatione
1023 3628 1059 3683 ad

230 3698 344 3754 Missam
361 3698 565 3770 pontificalem.
578 3698 687 3770 Quippe
702 3697 774 3754 lecto
790 3697 952 3770 Evangelio,
972 3699 1059 3754 dinco-

230 3784 283 3825 uus
298 3769 445 3843 Evangelii
457 3770 560 3825 latinus
574 3770 672 3842 accipit
682 3768 806 3825 Hostium
828 3787 910 3824 uuum
925 3771 955 3824 de
970 3772 1059 3826 tritus

230 3857 288 3912 quae
302 3848 457 3912 suntsuper
485 3849 620 3912 putenam,
645 3848 669 3896 et
684 3858 746 3895 oum
773 3858 804 3895 eu
828 3840 900 3896 alius
926 3841 993 3895 duas
1008 3841 1059 3896 Hu-

230 3912 297 3966 stias
312 3913 409 3984 tonuit,
429 3919 455 3968 et
466 3929 523 3967 eom
535 3913 582 3967 dat
600 3912 726 3968 sacristae
741 3912 936 3968 comedendum.
954 3912 1058 3967 Deinde

228 3983 328 4055 accipit
342 3984 431 4040 oliam
442 3984 567 4039 Hostiam
577 3985 607 4038 de
619 3982 722 4039 duabus
738 4000 798 4054 qam
820 3991 1018 4049 remanserant,
1033 3990 1058 4038 et

230 4069 331 4109 cumea
349 4055 439 4125 touqit
453 4063 579 4125 rumenam
593 4062 617 4109 et
632 4056 744 4110 culicem
765 4071 817 4123 per
836 4060 930 4121 tetrum,
947 4055 1021 4109 intus
1033 4062 1058 4109 et

229 4133 311 4180 entra
323 4143 333 4189 ;
347 4131 371 4180 et
385 4126 570 4182 similiterdat
580 4143 639 4183 eom
649 4126 972 4182 suort'starurnedendom.
985 4126 1017 4185 ld
1027 4126 1059 4181 fit

1126 424 1232 477 tacebo
1246 422 1395 489 Gaietano,
1411 438 1475 493 pag.
1503 424 1547 478 ut
1570 423 1674 494 Duplex
1689 423 1818 550 (ἓιιειηοάἰ
1837 428 1917 485 flabel-

1127 492 1187 548 lum
1209 492 1285 547 idem
1299 504 1398 549 auctor
1412 498 1556 549 memorat
1577 510 1641 565 pag.
1660 493 1693 549 30
1713 512 1814 560 ,unum
1830 499 1919 556 scilicet
2002 528 2003 543 z

1127 563 1518 635 artrefrigerandnmaercm,
1534 564 1918 636 aliudatlabigendasmusens.
2002 570 2003 585 .

1127 635 1184 691 Etsi
1205 646 1272 691 reto
1288 636 1368 691 nulla
1381 639 1415 692 de
1438 636 1514 692 bisce
1538 636 1658 693 flabellis
1677 637 1777 693 mentio
1792 638 1918 702 tintinna·

1127 706 1298 779 tiquioribus
1311 707 1417 763 nostris
1429 706 1546 773 libellis,
1561 720 1659 763 eorum
1683 712 1774 767 tamen
1790 710 1920 782 antiquitas

1127 779 1265 849 probatur
1277 795 1311 834 ex
1326 779 1391 833 Vita
1405 780 1425 835 F
1428 779 1546 851 ulgenlii
1563 777 1685 851 episcopi
1708 780 1857 850 Ruspensis,
1888 783 1918 849 ti,

1126 866 1191 905 eum
1205 852 1279 906 esset
1306 850 1474 920 monachus,
1505 867 1538 906 es
1551 851 1704 923 patruorum
1730 851 1801 920 toliis
1822 799 1920 921 nobilior

1124 921 1450 993 saptssimecomeaooat.
1468 927 1572 994 Δειτουρ
1592 926 1645 973 endu
1674 926 1829 997 perscriptos
1853 928 1922 983 rorat

1126 993 1246 1064 Cyrillus
1262 992 1419 1048 menachus
1432 992 1461 1047 in
1477 993 1549 1048 libro
1565 942 1600 1048 ἕο
1622 992 1677 1047 rita
1700 992 1836 1065 Qutbymii
1849 995 1920 1049 ubba·

1125 1063 1172 1129 tis,
1186 1069 1264 1120 tomo
1280 1065 1290 1118 l
1305 1064 1510 1120 Analectornm
1524 1064 1700 1133 Greecorum,
1711 1080 1771 1136 pag.
1783 1063 1921 1120 trusirent

1125 1135 1426 1207 aliaprogrediamur.
1567 1186 1570 1191 .
1736 1181 1740 1191 ,

1159 1206 1188 1263 li.
1203 1207 1385 1263 innocentius
1411 1206 1531 1279 primns,
1546 1205 1577 1262 in
1590 1205 1708 1278 epistola
1720 1205 1763 1271 29,
1780 1206 1831 1260 duo
1844 1221 1922 1277 repre·
1966 1246 1969 1255 ,

1125 1276 1224 1333 itendit
1246 1277 1275 1332 in
1296 1278 1382 1335 sacris
1397 1278 1542 1350 mysteriis
1568 1288 1737 1351 praepostere
1751 1278 1791 1347 (ut
1802 1277 1855 1351 ipse
1867 1293 1924 1333 sea·

1124 1349 1224 1419 tiebat)
1238 1349 1397 1405 obseruata.
1412 1349 1541 1405 Primum
1561 1353 1604 1404 est
1618 1350 1693 1421 quod
1723 1364 1797 1403 auem
1809 1351 1863 1402 unte
1874 1364 1924 1401 eon

1124 1420 1196 1490 [ecta
1209 1424 1338 1493 nrysteriu
1353 1420 1469 1492 quidam
1504 1420 1657 1491 tradebant
1676 1436 1683 1477 ι
1698 1366 1762 1475 gum
1773 1426 1826 1490 post
1839 1418 1922 1483 omniu,

1124 1493 1228 1564 inquit,
1244 1509 1303 1563 qua
1317 1493 1427 1563 operire
1441 1509 1494 1549 uon
1508 1488 1586 1549 debeo
1600 1491 1651 1561 (sic
1667 1495 1732 1547 tuno
1747 1506 1822 1545 sacra
1834 1487 1877 1544 illa
1888 1505 1924 1543 ar·

1124 1580 1198 1618 cana
1222 1563 1378 1635 legebant),
1402 1580 1461 1688 im
1484 1564 1520 1617 sit
1547 1563 1696 1619 necessario
1720 1559 1861 1625 indicendo,
1885 1576 1923 1629 ptr

1123 1652 1202 1758 quum
1222 1639 1320 1688 constet
1327 1651 1399 1705 popu
1413 1652 1457 1689 unt
1469 1635 1509 1688 od
1521 1634 1611 1705 attritio
1636 1649 1695 1704 qua
1717 1633 1745 1686 iu
1760 1631 1881 1703 rnqslerir‘s
1893 1647 1925 1684 oe·

1136 1706 1270 1760 ebruutur
1281 1714 1359 1775 atque
1375 1707 1404 1760 in
1419 1706 1529 1763 ecclesia
1543 1712 1667 1776 aguntur
1681 1703 1820 1773 prebuisse
1836 1718 1924 1755 museu-

1124 1794 1192 1839 sum,
1208 1794 1238 1832 ae
1263 1777 1344 1847 Auito
1358 1794 1411 1832 esse
1429 1778 1505 1848 poris
1530 1774 1717 1833 cottoluu'entis
1739 1771 1923 1852 siqnuoulade·

1124 1855 1300 1903 monstretur.
1315 1848 1445 1911 Alterum
1472 1853 1516 1903 cst
1529 1849 1605 1918 quod
1627 1844 1745 1902 nomina
1767 1843 1923 1900 offerentium

1124 1920 1290 1984 recitentur,
1312 1927 1455 1991 aittequum
1476 1936 1582 1990 precem
1608 1917 1728 1973 sacerdos
1752 1915 1840 1986 faciut,
1853 1916 1878 1970 id
1891 1916 1925 1969 est

1124 1994 1191 2046 ante
1200 1990 1367 2046 Orationem
1381 1993 1487 2049 factam
1496 2007 1581 2062 snper
1592 1989 1698 2053 oblata,
1708 1987 1764 2045 imo
1777 1990 1839 2045 ante
1849 1988 1924 2041 tlara-

1123 2078 1201 2127 nem,
1216 2078 1302 2135 quem
1335 2063 1404 2117 reris
1419 2061 1537 2119 nominc
1561 2059 1650 2117 etiam
1677 2058 1803 2131 designat
1827 2054 1925 2129 vigilius

1123 2133 1292 2205 papainfra.
1329 2136 1388 2189 rius
1398 2151 1470 2205 erqo,
1479 2131 1725 2196 aillnnocentius,
1735 2129 1923 2186 oblatiotussnot

1122 2205 1357 2270 comittertdundu3
1374 2222 1405 2259 oo
1420 2212 1486 2261 tuuc
1497 2221 1592 2261 eorum
1607 2204 1728 2267 niomium,
1749 2216 1852 2275 quorum
1872 2203 1923 2255 tritt

1121 2276 1282 2340 oblationes,
1307 2276 1444 2340 edicenda,
1465 2284 1494 2332 ut
1511 2276 1586 2331 iuter
1611 2292 1693 2331 socru
1710 2271 1844 2351 mysterio,
1856 2268 1924 2324 idest

1121 2352 1186 2418 pust
1201 2346 1446 2405 consecrationem
1462 2348 1648 2411 otomr'uentur,
1665 2363 1717 2401 nort
1728 2341 1925 2412 interulamque

1120 2427 1188 2489 orrtov
1195 2420 1402 2491 nemestrinus.
1415 2426 1445 2474 ut
1456 2421 1524 2493 ipsis
1539 2417 1677 2491 trausteriir
1688 2418 1759 2471 siaiu
1770 2411 1869 2494 [aruris
1878 2425 1926 2483 utt-

1120 2490 1366 2562 eibueaperiurnue.
1380 2491 1534 2561 Utrumque
1545 2490 1646 2557 ritum,
1655 2505 1739 2559 quarn
1751 2486 1794 2541 bic
1803 2482 1926 2564 improbat

1119 2562 1312 2626 Innocentius,
1327 2563 1480 2617 seruabant
1495 2560 1649 2619 Gallicana
1673 2565 1701 2615 et
1723 2559 1869 2628 llispantca
1886 2550 1925 2607 tn-
1985 2576 1988 2584 ·

1119 2634 1221 2695 clesiae,
1238 2632 1395 2704 etquidem
1410 2632 1536 2704 priorem
1561 2631 1665 2688 astruit
1689 2629 1823 2709 tustinus„
1834 2624 1925 2748 martqr

1118 2704 1148 2759 in
1165 2704 1304 2775 Apologia
1315 2720 1464 2778 ,secunus
1482 2706 1543 2759 llaec
1558 2708 1656 2759 autem
1674 2703 1825 2759 innoeentn
1838 2711 1896 2778 cous
1907 2709 1923 2774 ¹}

1118 2772 1319 2841 tutioo‘Gallis
1340 2781 1455 2846 recepta
1468 2774 1523 2830 fuit
1547 2791 1626 2831 anno
1653 2774 1717 2840 789,
1746 2772 1776 2829 in
1797 2767 1924 2842 capitulari

1117 2844 1351 2918 aquisgranensi,
1365 2864 1427 2918 cap.
1441 2846 1477 2900 53
1487 2850 1515 2902 et
1525 2845 1570 2901 tt.

1115 2951 1224 3026 [sirm]
1241 2952 1300 3005 Vll.
1315 2951 1490 3007 Curtiunotio
1513 2953 1624 3005 rituum
1639 2953 1670 3007 iu
1693 2948 1779 3005 Musa
1796 2938 1923 3017 pmtiqtoclt

1204 3022 1388 3093 singularium
1413 3041 1431 3077 a
1447 3024 1558 3082 Caunos
1572 3024 1612 3077 od
1628 3021 1851 3078 Oommunt'ooen.

1151 3130 1263 3189 Omissa
1279 3126 1457 3199 praefatione,
1483 3129 1512 3187 in
1534 3145 1589 3200 qua
1604 3128 1679 3184 nibil
1694 3122 1831 3198 singulare
1843 3133 1923 3175 occur·

1114 3200 1161 3266 rit,
1177 3201 1375 3273 progredimur
1389 3202 1425 3256 nd
1446 3200 1711 3277 Canonen1,quem
1735 3194 1858 3253 sacerdos
1878 3202 1923 3244 non

1114 3264 1268 3328 inchoabat
1279 3277 1347 3329 ante
1363 3272 1529 3327 absolutum
1542 3290 1560 3327 a
1573 3271 1664 3328 choro
1688 3267 1797 3339 trisagii
1810 3266 1919 3323 cantum·
2002 3286 2003 3291 ¹

1116 3346 1146 3399 ld
1162 3344 1239 3401 enirn
1256 3343 1343 3399 libelli
1355 3343 1445 3409 riustri
1461 3342 1640 3414 praecipiunt,
1655 3348 1685 3400 ct
1698 3344 1761 3413 pasl
1783 3354 1828 3395 eos
1841 3334 1921 3391 aerar-

1114 3417 1166 3472 dus
1181 3416 1330 3487 episcopus
1353 3413 1535 3481 Turonensis,
1560 3432 1623 3485 cup.
1643 3415 1675 3469 m
1694 3412 1750 3469 :tu
1762 3413 1856 3469 secretu
1864 3417 1925 3475 pret·

1115 3487 1203 3558 Aptari
1218 3504 1269 3541 uon
1285 3487 1407 3541 irroboent
1420 3492 1564 3556 utilequont
1575 3486 1699 3541 Sanctus
1714 3483 1835 3555 putatior.
1847 3474 1923 3556 Sacra·
2002 3524 2003 3535 .

1115 3564 1144 3614 ta
1169 3562 1253 3615 uocat
1279 3560 1434 3627 (Iunonem,
1458 3558 1534 3628 quod
1556 3574 1630 3612 eum·
1648 3555 1781 3612 sacerdos
1804 3549 1924 3606 submissa

1114 3634 1192 3695 rore,
1205 3627 1362 3703 etquidem
1377 3629 1464 3697 solus,
1479 3628 1621 3695 recitaret.
1647 3628 1756 3684 Eodem
1783 3620 1862 3678 modo
1886 3631 1923 3738 aff

1115 3696 1238 3773 pellatur
1247 3701 1275 3755 in
1286 3700 1374 3755 'reteri
1385 3699 1486 3759 itissali
1496 3698 1658 3765 Gallicano,
1669 3697 1741 3755 mihi
1753 3711 1814 3768 pag.
1823 3689 1900 3768 335,u
1916 3699 1923 3763 l

1115 3772 1242 3829 Collectiu
1253 3770 1313 3843 pust
1335 3772 1449 3828 Secreto
1465 3788 1500 3829 ca
1521 3770 1627 3826 dicitur
1653 3788 1717 3843 quen
1741 3764 1923 3824 consecrabunt

1133 3845 1243 3900 ronime
1257 3842 1427 3901 succedebat
1443 3861 1450 3908 ;
1466 3843 1541 3915 quod
1554 3847 1728 3913 argumento
1744 3838 1923 3918 cstlcanoneflffl
2002 3882 2003 3885 ,

1111 3862 1202 3970 Kiissie
1213 3914 1358 3969 submissa
1373 3930 1440 3969 voce
1455 3913 1543 3971 eliam
1555 3911 1587 3968 in
1600 3914 1710 3969 Ordine
1724 3909 1861 3966 Gallicano
1870 3900 1924 3956 furs-

1113 3985 1316 4045 serenitatum
1340 3985 1384 4039 lta
1404 3986 1491 4041 etiam
1507 3984 1536 4040 in
1551 3986 1704 4055 Roman0;
1719 3978 1832 4038 undein
1845 3984 1925 4030 secun·

1113 4059 1150 4112 do
1166 4056 1271 4112 Ordine
1283 4056 1412 4111 Romano
1428 4056 1473 4113 bic
1487 4057 1602 4129 legitur,
1617 4057 1697 4129 quod
1708 4049 1835 4127 pontifex
1843 4046 1924 4101 scutit

1113 4131 1201 4184 intrat
1217 4129 1247 4183 in
1261 4126 1406 4185 Cononem.

230 4198 267 4251 ad
282 4195 429 4251 vitandum
445 4198 545 4253 veneni
572 4198 739 4268 periculum.
764 4200 841 4267 quod
856 4197 885 4253 in
914 4202 1000 4268 caput
1014 4214 1058 4253 sa·
1148 4202 1281 4256 Preceset
1296 4196 1451 4255 tanaiticum
1465 4215 1573 4268 precem
1595 4196 1747 4271 appellant
1774 4196 1883 4251 veteres,
1902 4196 1924 4263 Ψ

229 4268 331 4331 crista,
345 4266 393 4337 qui
408 4268 507 4322 omnia
521 4284 622 4338 parare
635 4269 728 4333 debet,
747 4268 802 4323 ltoc
824 4274 906 4339 pacto
918 4270 1059 4325 redunda·
1114 4272 1213 4343 primis
1230 4270 1346 4396 Vififflm
1362 4288 1446 4341 papa,
1459 4269 1488 4325 in
1500 4269 1619 4342 epistola
1633 4272 1671 4326 ad
1689 4265 1868 4327 Profuturum
1878 4268 1923 4333 ert·

230 4340 283 4392 ret.
294 4339 355 4392 l'ost
368 4337 434 4401 beer,
444 4339 479 4391 ob
488 4339 620 4394 eamdem
634 4339 776 4393 rationem
785 4338 815 4393 de
825 4340 953 4409 ampullis
966 4341 1057 4395 riuum
1113 4360 1230 4413 scopum
1279 4358 1461 4397 recarcnsem
1475 4359 1483 4397 ;
1497 4342 1632 4398 Ordinem
1654 4357 1758 4414 qaoque
1774 4346 1878 4407 precum
1890 4338 1924 4407 '⁸3¹

230 4407 252 4462 it
262 4424 363 4479 aquom
376 4409 406 4461 iu
423 4415 528 4463 tuream
547 4409 594 4463 dut
609 4411 732 4465 sacrista
751 4410 790 4463 ad
812 4410 1056 4480 prmqustondum,
1112 4413 1268 4469 celebritate
1279 4414 1426 4469 illisionem
1440 4412 1515 4468 nullo
1527 4430 1574 4468 nus
1587 4421 1718 4483 tempure,
1740 4408 1816 4465 uultu
1837 4404 1925 4475 [estta-

230 4486 254 4534 et
268 4479 363 4535 deiude
377 4480 511 4550 accipiens
524 4488 649 4560 patenam
673 4496 736 4534 cum
763 4479 870 4544 Hostia,
886 4499 945 4535 earn
961 4483 1008 4537 dat
1028 4485 1057 4537 in
1112 4493 1166 4540 tote
1180 4485 1362 4555 siqru'ficumus
1378 4482 1474 4539 babere
1487 4485 1625 4541 diuersum
1638 4502 1649 4549 ;
1661 4482 1710 4539 sed
1736 4468 1924 4556 semperettfffl

229 4549 510 4621 manibuspapae‚qni
523 4550 599 4606 iilum
615 4553 669 4605 Deo
682 4552 795 4621 offerens
817 4552 885 4606 dicit
907 4553 1056 4624 :Suscipa
1113 4566 1203 4611 tenore
1228 4555 1319 4613 obluta
1343 4554 1398 4610 Deo
1423 4572 1540 4611 inuuere
1564 4570 1736 4611 mrtseorare.
1763 4550 1864 4617 Quotus
1877 4551 1927 4595 Off

230 4622 435 4687 sanctel’ater,
452 4628 506 4677 eto.
535 4625 646 4677 tlaecex
662 4620 830 4694 Augustino,
846 4622 945 4679 ubide
970 4624 1058 4680 blissa
1112 4627 1297 4691 roseamom
1325 4626 1498 4682 Ascensionis
1522 4626 1645 4694 Domini,
1676 4624 1718 4681 uel
1741 4612 1926 4679 renitimini

231 4692 342 4748 ma'ore
357 4692 385 4747 in
399 4693 443 4748 die
458 4692 569 4751 Natalis
581 4692 707 4761 Domini,
732 4694 810 4765 quod
835 4692 940 4749 iterum
956 4696 1059 4767 repetit
1111 4698 1280 4779 Dpr'qumrtia.
1293 4697 1506 4770 Saeuior-umque
1518 4695 1786 4822 Deilueritopendu
1798 4684 1925 4767 sestioitou

230 4762 260 4818 in
277 4709 404 4819 §abbata
417 4770 528 4821 sancto.
1111 4769 1221 4842 nunquia
1233 4769 1354 4841 capitulo
1363 4768 1528 4840 diebusaptu
1541 4786 1571 4824 su
1584 4768 1742 4840 intingimus,
1765 4762 1857 4838 quibus
1871 4769 1927 4833 tort·

266 4833 316 4889 Hic
331 4836 475 4907 agendum
490 4840 565 4892 esset
578 4839 613 4892 de
626 4837 702 4893 rasis
713 4834 942 4907 sacris,quorum
953 4837 1056 4894 ususin
1112 4842 1335 4899 memorationem
1362 4848 1466 4897 sauctae
1488 4841 1682 4904 continuitatis,
1700 4838 1744 4895 uel
1763 4848 1851 4893 eorum
1871 4826 1928 4906 fuat·

229 4904 368 4961 sacrificio
378 4906 468 4963 llissae
483 4909 562 4977 apud
574 4911 729 4963 Romanos.
748 4909 850 4963 Verum
867 4910 1056 4967 consulendus
1111 4930 1178 4975 utris,
1190 4929 1304 4982 quorum
1315 4912 1446 4967 eratalitio
1459 4910 1623 4967 celebramus
1636 4929 1647 4977 ,·
1662 4918 1766 4968 caeteru
1776 4892 1927 4979 uereordftt

229 4977 283 5032 hac
301 4978 336 5033 de
349 4994 379 5032 re
396 4994 451 5048 prae
468 4978 531 5033 aliis
546 4977 597 5048 pita
622 4979 769 5035 memoriae
781 4980 936 5036 cardinalis
962 4986 1051 5040 Dona.
1111 4991 1231 5038 commeo
1243 4984 1443 5055 prosequimur.
1468 4982 1637 5055 Qutrpropter
1652 4989 1678 5038 et
1694 4981 1782 5055 ipsius
1805 4976 1927 5033 strumii&

229 5047 324 5104 Unum
339 5048 385 5104 bic
400 5050 505 5104 addere
520 5047 598 5105 lubet
617 5050 652 5106 de
674 5051 749 5107 rasis
762 5053 850 5106 sacris
870 5053 991 5109 basilica
1004 5054 1057 5107 Va·
1108 5072 1197 5126 precis
1209 5061 1309 5109 tertium
1323 5052 1478 5113 dt‘reuinrue
1501 5056 1595 5111 sititur
1608 5053 1763 5125 adjectum,
1787 5060 1861 5121 quent
1882 5038 1927 5094 Μ

229 5119 340 5185 licente,
356 5119 503 5191 dequibus
515 5118 546 5173 tlt
561 5121 670 5176 mentio
693 5122 770 5194 apud
792 5123 935 5188 Orosium,
946 5124 1005 5195 qni,
1021 5125 1056 5179 de

228 5191 365 5273 nomana
379 5191 456 5249 urbis
472 5191 630 5262 direptione
644 5209 692 5274 per
706 5193 851 5250 Alaricum
865 5196 941 5250 facta
956 5211 1054 5267 agens,

229 5277 259 5317 m
273 5261 322 5318 ltb.
338 5278 386 5326 ru,
399 5280 461 5334 cap.
476 5263 713 5327 firmitudinem
735 5266 874 5321 Arianum
891 5284 958 5323 rasa
974 5284 1056 5321 sacra

227 5338 396 5406 extorquere
411 5333 531 5390 soluisse
545 5352 562 5391 a
577 5336 685 5406 virgine
695 5337 830 5406 quadam,
845 5338 889 5392 cui
900 5337 1056 5393 commissa

227 5409 319 5461 erant.
340 5405 438 5479 [xcvii]
456 5406 538 5471 l'um,
555 5409 793 5478 eupasitr'sopitrus,
816 5409 965 5462 attonitum
988 5410 1055 5478 suis·

226 5492 252 5530 sa
266 5477 413 5533 barborum
428 5479 625 5547 magnitudine,
638 5495 672 5533 ac
684 5478 812 5547 pondere,
823 5494 855 5532 co
867 5478 1053 5546 puloltritudi·

226 5564 270 5616 ue,
287 5548 379 5619 iqnoto
405 5550 487 5603 etiam
515 5566 638 5604 ausorum
662 5549 806 5618 qualitate.
823 5548 873 5602 Cui
900 5548 979 5620 uirgo
1005 5549 1055 5607 illa

227 5617 319 5675 dixit:
335 5618 401 5675 Haeo
414 5620 504 5683 Petri,
520 5621 634 5691 apostoli
642 5620 798 5674 nu'nisterio
812 5622 889 5676 sunt.

261 5690 339 5745 inter
351 5690 430 5746 varia
442 5689 634 5746 instmmenta
662 5690 752 5746 uaerei
766 5706 853 5749 sacrae
861 5690 1055 5749 inserviebant

224 5761 400 5821 sennodum
410 5766 454 5820 est
467 5760 609 5837 flabellum
620 5708 659 5818 oi
678 5760 822 5837 abigendae
843 5780 956 5839 nauscae,
977 5765 1055 5841 quod

1111 5122 1229 5198 propitio
1243 5144 1276 5180 eu
1288 5127 1432 5196 apostolica
1442 5124 1620 5181 traditionem
1633 5125 1797 5196 recepimus.
1815 5111 1927 5189 ferietur

1111 5197 1169 5262 illa,
1186 5198 1221 5253 de
1236 5214 1292 5270 qua
1317 5192 1443 5268 loquitur
1457 5194 1585 5268 l'igilius,
1607 5196 1751 5250 hactenus
1766 5191 1887 5248 seruatur
1902 5192 1927 5259 ¹9

1111 5267 1393 5338 illaCananisparte
1418 5283 1482 5339 qum
1507 5266 1607 5339 incipit
1632 5283 1651 5321 a
1678 5266 1766 5323 rerba
1790 5264 1927 5319 Comatam·

1111 5348 1213 5396 cantet.
1865 5393 1872 5410 0

1146 5410 1263 5467 Precem
1279 5409 1360 5469 illam
1376 5410 1509 5467 turturem
1541 5408 1643 5477 rimus,
1667 5411 1719 5464 ant
1733 5406 1808 5463 inter
1832 5406 1927 5481 pr¹m⁰³

1110 5481 1239 5538 absolute
1254 5478 1508 5553 rocatGregorius,
1519 5427 1638 5553 iiagnus
1659 5479 1690 5535 in
1705 5479 1755 5535 lib.
1767 5493 1806 5547 11,
1821 5463 1927 5544 epistola

1110 5554 1155 5619 aa,
1173 5553 1218 5607 ubi
1245 5554 1327 5609 notat
1352 5553 1519 5611 ianuarium
1545 5553 1725 5625 episcopum,
1753 5550 1927 5619 temperarat

1110 5622 1276 5694 sacrificium
1283 5622 1409 5687 celebrat,
1423 5630 1525 5679 tuntum
1532 5626 1595 5699 poti
1605 5620 1766 5695 frequenter·
1775 5619 1925 5699 augustiati»

1108 5701 1138 5750 ut
1151 5695 1199 5750 aiu
1214 5703 1270 5767 port
1286 5695 1364 5769 louqo
1380 5694 1527 5751 interuallo
1541 5696 1577 5751 od
1595 5695 1683 5750 beetur
1703 5678 1928 5769 Canonrsredttq

1109 5766 1197 5825 rabat
1211 5781 1286 5844 quera
1303 5767 1419 5841 reliquit
1430 5779 1444 5843 ‚·
1460 5774 1540 5841 atque
1553 5785 1586 5827 eu
1599 5766 1646 5823 too
1660 5763 1761 5823 mcum
1772 5754 1895 5819 unitim
1905 5762 1926 5803 ⁸¹
