4078 6196
36 580 38 633 Τ
110 592 172 636 num.

110 256 155 335 ni
687 232 801 309 imae
819 232 1147 305 securissimum
1358 194 1365 199 ’
1485 236 1490 247 ’
1718 233 1774 294 ies

110 358 220 477 presenti
231 385 333 448 seculo
345 382 520 443 transtulisti
534 386 566 439 ut
578 397 630 455 pro
645 374 895 455 peccatisnostris
911 378 935 442 Α
961 418 964 423 .
986 368 1032 424 Ad
1045 367 1258 440 complentem.
1286 397 1322 408 -
1340 368 1448 423 Mense
1469 363 1598 423 coelestis
1611 363 1775 438 ,participes

111 486 171 563 ipid
182 475 376 540 tetidueialiter
393 470 636 531 intercedat.Per
650 468 791 527 cumdem
803 465 895 523 borni·
951 455 1056 524 effecti,
1072 457 1263 553 imploramus
1275 453 1776 552 clemeiitiamtuamDomineDeus

952 551 1061 609 noster,
1075 550 1106 600 ut
1120 560 1171 617 qui
1187 544 1262 599 lesta
1274 543 1325 598 Dei
1340 543 1492 599 Genitricis
1507 542 1664 598 colimusa
1687 540 1776 597 uialis

135 662 170 720 M
185 650 390 725 emmaum,
413 679 450 690 ..
473 646 585 705 Caleni}
613 661 735 702 munere
762 644 894 711 Sapaeos,
951 633 1178 691 imminentibus
1194 631 1705 703 ejusintercessionibusltberomur.
1721 629 1776 686 Per
1883 640 1888 647 ’

109 751 260 823 omnipotens
270 746 354 806 bens,
371 745 423 795 tua
440 753 495 793 nos
520 736 700 809 protectione
715 732 840 799 custodi,
869 739 898 789 et
952 722 1103 819 eumdem·
1195 809 1200 819 .
1324 808 1329 818 ι
1452 806 1456 815 ¹

108 837 252 901 intumis
263 845 368 904 paoem
382 827 533 883 mentibus
545 824 654 881 „osiris
669 826 757 894 atque
769 822 897 894 corpori.
987 810 1062 866 Atro.
1076 839 1110 851 -
1121 811 1240 880 Porrige
1259 808 1358 872 nobis,
1374 807 1509 872 Domine,
1517 805 1670 863 dexteram
1680 810 1777 874 tuam,

106 934 151 989 ins
162 921 344 983 intercedente
358 915 561 980 beataMeria,
577 912 755 985 propitiatus
765 910 896 981 indulge,
952 902 981 955 ct
994 914 1046 971 per
1064 898 1306 956 intercessionem
1317 894 1590 965 beetoeetgloriosre
1598 910 1776 968 semperque

105 1016 253 1077 urimonte
275 1020 389 1080 sponso
408 1003 480 1060 Filio
502 1008 555 1059 tuo
578 1000 747 1072 Unigenito,
767 997 899 1056 accensis
952 987 1077 1057 virginis
1088 986 1241 1043 Geiiitriois
1255 987 1354 1043 Mariae
1371 985 1512 1042 auxilium
1539 984 1625 1040 nobis
1638 998 1776 1056 supernis

105 1100 273 1178 impetibus,
295 1094 461 1168 ejusdigne
488 1090 694 1165 praestolemur
724 1104 894 1147 connisum,
952 1076 1069 1132 virtutis
1083 1077 1231 1150 impende.
1244 1076 1303 1133 Per
1318 1073 1466 1130 eumdem.

104 1193 210 1264 oderit
220 1195 248 1246 et
258 1184 454 1255 regnetbeus
466 1181 497 1236 in
514 1180 628 1237 unitate
642 1177 770 1252 Spiritus
792 1177 898 1234 sancti.
1025 1179 1205 1220 xvliminis
1221 1177 1403 1219 lssllfflffls·
1419 1191 1454 1202 ··
1477 1176 1590 1216 “lillis
1604 1174 1700 1218 ΜΠ

129 1282 234 1339 Alic.·
245 1275 391 1342 Concede,
405 1271 574 1328 misericors
589 1268 677 1333 Dens,
693 1267 843 1338 fragilitati
851 1282 901 1322 no·
1221 1267 1327 1309 Assllffl
1341 1250 1355 1293 b
1369 1265 1521 1349 llfflllffiffi
1598 1339 1603 1349 Ι

104 1366 387 1444 suspendamur
402 1360 454 1433 qul
475 1365 585 1415 sancis
602 1357 654 1413 uer
682 1357 832 1414 centices
856 1370 899 1412 re·
989 1340 1065 1440 Ι(460)
1082 1340 1182 1398 sancii
1196 1341 1336 1437 martyris
1347 1346 1391 1396 in
1405 1342 1523 1437 Aeque
1532 1344 1638 1437 uerus
1646 1355 1710 1395 11⁰⁸·
1727 1342 1781 1396 ne

103 1462 182 1536 quiem
189 1455 381 1515 celebramus,
397 1446 613 1505 intercessionis
625 1446 690 1517 ejus
700 1445 809 1501 auxilio
824 1460 901 1501 ano·
955 1427 1146 1529 lnlssssslss
1157 1437 1289 1527 Ρΐθῖῐθξᾶ
1301 1434 1448 1493 tueamur»
1458 1442 1490 1482 ¹11
1513 1428 1635 1527 ‘lfflblssg
1652 1434 1708 1484 1⁰³³
1720 1428 1781 1484 Ma·

102 1541 356 1619 ,metuiquitetibus
370 1552 574 1608 resurgamus.
583 1534 642 1594 Per
651 1533 803 1591 eumdem,
953 1524 1168 1617 Jestatisopera
1175 1518 1383 1591 praedicantes,
1392 1522 1422 1574 ct
1428 1532 1560 1589 praesens
1573 1518 1781 1588 capiamusad·

126 1629 591 1701 Alie-Concedeqaaesnmus,
616 1624 802 1696 omnipotens
826 1622 902 1679 Deus
952 1606 1376 1705 lui⁰l¹¹¹ffl0lf⁰¹⁰fflffl·pf³l·
1489 1694 1495 1705 ι

101 1727 221 1786 edbertie
228 1713 585 1789 liarirssempervirginis
596 1712 709 1784 gaudia
721 1717 902 1785 seternapeis·
918 1731 941 1791 B
989 1697 1086 1766 Super
1103 1696 1199 1753 Oblssia
1212 1726 1246 1736 ··
1257 1698 1390 1767 simliter
1415 1694 1546 1763 DOfflfflssi
1570 1709 1707 1763 munera,
1718 1711 1782 1767 (11¹ae

100 1812 231 1887 tingersde
245 1811 333 1881 cujus
342 1822 399 1863 nos
408 1802 899 1875 venerandahssuinptionetribuis
955 1787 986 1883 in
998 1785 1064 1858 ⁸1⁰⁸
1072 1784 1124 1841 fibi
1137 1784 1324 1882 solemnitate
1338 1782 1498 1882 (iesssllfflllss
1511 1784 1598 1881 0l¹i¹¹³
1617 1800 1673 1840 ¹¹⁰⁸
1689 1784 1783 1841 ⁰011fi·

99 1920 180 1963 annua
189 1899 373 1959 solemnitate
384 1893 525 1967 gaudere.
548 1892 615 1950 Per.
955 1875 1049 1931 dimus
1061 1882 1227 1945 patrocinio
1240 1872 1371 1928 liberari.
1388 1871 1439 1926 Per
1453 1872 1620 1927 Dominum.

990 1964 1044 2021 Art
1059 1961 1318 2032 Compressan-
1329 1961 1784 2033 protegatqueesumusllomine

955 2054 1100 2127 populum
1112 2059 1197 2108 tuom
1212 2056 1241 2105 et
1252 2050 1440 2123 participatio
1455 2051 1708 2108 coelestisiudulta
1716 2067 1786 2107 con·

233 2134 385 2178 ”³⁰¹¹’w'
398 2132 507 2172 mm
517 2131 611 2170 ΜΒ
621 2129 751 2172 mmm
956 2143 1025 2199 vivii
1040 2147 1069 2197 et
1082 2140 1250 2212 deprecatio
1259 2140 1555 2196 collatasanctoriim.
1564 2138 1786 2198 Perllorninnm

124 2232 187 2301 (ili)
201 2227 378 2291 venerenda
393 2222 629 2294 nobiqbomine,
640 2223 731 2293 huius
739 2227 782 2279 est
794 2222 854 2279 diei
865 2222 904 2279 te-
957 2237 1107 2288 nonnum.

99 2323 192 2379 stiritss
203 2322 230 2376 in
246 2334 304 2391 qiia
320 2322 426 2372 sancta
437 2313 487 2368 Dei
508 2313 644 2369 Genetrix
668 2317 790 2387 mortem
813 2312 903 2368 sublit
992 2333 1175 2375 namanes
1189 2331 1364 2374 ssrrniineis.
1387 2345 1422 2357 -
1449 2331 1563 2373 deruis
1590 2318 1685 2374 saucii
1709 2332 1787 2375 riuo-

99 2412 263 2482 temporalem
275 2421 334 2463 nec
353 2409 453 2459 tamen
467 2399 569 2457 mortis
579 2401 707 2456 nexibus
717 2400 845 2473 deprimi
854 2416 904 2473 po·
1260 2421 1481 2463 nnninnnrirne.

100 2495 325 2571 luitqueelilium
340 2499 426 2549 tuum
437 2491 597 2546 Domirum
613 2495 748 2545 nostrum
761 2490 798 2546 de
814 2505 846 2545 se
859 2504 907 2561 ge·
995 2496 1143 2554 Auxilium
1154 2502 1239 2554 tuum
1251 2497 1352 2561 nobis,
1368 2495 1787 2569 hominequmsumusplaca·

100 2591 344 2645 nuitincernatnm
357 2581 412 2648 0¹15
427 2586 525 2637 ²0⁰⁰OE
541 2578 614 2635 Villi
624 2584 652 2634 el
664 2580 869 2649 Peenameus,
960 2592 1008 2644 tus
1024 2586 1160 2659 impende
1170 2592 1199 2642 et
1209 2585 1408 2643 intercedente
1426 2586 1516 2641 beato
1538 2584 1690 2641 Timotheo
1714 2600 1786 2641 mar·

124 2677 171 2737 Aa
181 2676 308 2734 numm.
323 2669 559 2727 —Famulorum
573 2674 688 2723 luorum
707 2670 834 2726 Domine
857 2668 906 2725 de·
960 2681 1023 2748 tyre
1037 2675 1251 2732 tuodexteram
1267 2689 1428 2749 supernos
1444 2683 1498 2731 tnae
1513 2672 1787 2747 propitiationisex-

98 2767 158 2823 lictis
170 2766 301 2837 ignosce,
313 2760 403 2834 etqui
413 2759 530 2832 placere
545 2774 582 2813 oe
595 2757 712 2814 actibus
725 2760 834 2815 noshis
846 2775 906 2816 uon
960 2766 1057 2823 mnne.
1072 2764 1141 2823 Per.

99 2856 226 2922 idemus,
235 2852 395 2911 Genitricrs
405 2849 466 2906 Filii
479 2846 520 2903 tiri
530 2847 747 2904 Domininostri
767 2849 908 2906 interces-
996 2853 1093 2923 Super
1107 2853 1219 2910 oblato.
1235 2853 1404 2926 -dccepla
1418 2853 1469 2910 tibi
1486 2852 1531 2925 sit,
1548 2852 1665 2909 Domine
1687 2868 1788 2910 sacra·

98 2946 167 3003 donc
179 2943 340 3001 invemat.
353 2940 409 3007 Qui
421 2943 521 2993 tecum
549 2938 631 2992 Villi
962 2946 1103 3015 implebis
1116 2945 1291 3016 oblatiopro
1318 2950 1431 2999 tuorum
1464 2944 1576 3000 honore
1603 2949 1789 3015 sanctorum,

125 3034 205 3103 Super
215 3032 331 3089 obtata.
348 3059 383 3069 -
397 3027 560 3084 Subveniat
574 3025 709 3090 bomine,
729 3024 810 3098 plebi
838 3031 907 3096 tuae,
963 3048 1094 3106 quorum
1112 3048 1144 3088 se
1160 3031 1271 3088 meritis
1286 3031 1455 3104 percepisse
1474 3031 1512 3088 de
1534 3031 1723 3088 tribulatione
1741 3048 1790 3088 oo·

97 3121 291 3179 bellenilricis
307 3119 497 3189 oratioquam
513 3113 576 3171 etsi
587 3131 640 3186 pro
654 3114 821 3171 conditione
847 3100 948 3172 oar-C
965 3126 1082 3195 gnoson
1093 3122 1248 3178 auxilinm.
1261 3122 1313 3176 Per
1331 3121 1503 3177 [lominum.

97 3210 134 3266 nis
143 3214 284 3281 migrasse
295 3206 508 3277 cognoscimus
521 3205 552 3260 iu
562 3204 673 3259 coelesti
684 3204 780 3274 gloria
790 3206 869 3277 apud
883 3212 910 3263 te
999 3214 1048 3268 Ad
1063 3212 1277 3282 complendum.
1292 3240 1328 3251 -
1337 3210 1435 3266 bivini
1447 3209 1722 3281 muuerislargitate
1744 3227 1789 3269 sa·

96 3315 140 3371 pro
151 3300 232 3357 nobis
245 3313 337 3356 orare
349 3296 523 3352 sentiamus.
534 3293 588 3350 Per
607 3294 743 3350 cumdem
759 3297 910 3352 bominun
964 3303 1036 3369 tiati,
1046 3315 1229 3374 quaesumus,
1241 3301 1364 3356 bomine
1376 3300 1454 3355 Deus
1478 3308 1589 3367 noster,
1615 3307 1647 3357 nt
1668 3302 1790 3356 interce·

97 3397 221 3446 nostrum.
964 3392 1051 3448 dente
1063 3391 1150 3446 beato
1164 3390 1317 3446 Timotheo
1334 3398 1464 3461 martyre
1488 3396 1546 3458 tuo,
1576 3388 1641 3461 ejus
1669 3405 1789 3463 semper

123 3478 255 3552 betolio.
270 3509 307 3520 -
325 3478 397 3534 Vere
412 3472 539 3544 dignum
551 3477 579 3529 ct
590 3472 706 3544 justum
723 3480 768 3529 est
786 3489 909 3547 isquam
966 3479 1190 3555 participatione
1206 3479 1353 3535 vivamus.
1373 3478 1438 3535 Per.

98 3568 247 3626 ctsalntare
260 3584 322 3624 nos
338 3564 389 3623 tibi
400 3577 519 3635 semper
531 3567 559 3617 et
571 3560 682 3634 ubique
696 3561 809 3632 gratias
822 3579 911 3639 agere
1000 3585 1031 3626 ix
1044 3583 1184 3625 meinis
1197 3581 1378 3623 carmensis.
1392 3592 1426 3607 -
1447 3566 1523 3639 (462)
1551 3583 1665 3626 irrisis
1693 3583 1788 3625 sineri

99 3656 205 3716 Domine
218 3662 329 3722 sancte,
361 3656 446 3709 Pater
474 3650 675 3723 omnipotens,
692 3658 801 3708 {sterne
822 3652 911 3724 Deus,
1179 3668 1409 3711 enarrantem
1437 3671 1575 3712 irosrou.

98 3743 397 3803 etteinreneratione
412 3756 565 3798 sacrarum
580 3740 728 3811 virginum
741 3741 911 3800 exsultanti·
1002 3748 1190 3820 omnipotens
1222 3747 1400 3818 sempiterne
1423 3744 1511 3819 Dens,
1541 3747 1590 3817 qui
1614 3745 1706 3818 hujus
1731 3745 1791 3802 diei

98 3832 145 3890 bus
156 3837 259 3891 smmis
273 3834 413 3900 laudare,
429 3829 604 3886 benedicere
619 3829 770 3900 predicare
783 3847 791 3886 r
965 3836 1171 3895 venerandam
1187 3842 1382 3908 sanctamque
1404 3832 1537 3890 laetitiam
1562 3836 1642 3891 beati
1666 3834 1792 3907 apostoli

156 2025 233 2099 123
245 2039 318 2079 xviii
345 2034 487 2076 semines
515 2031 690 2073 sarriensis.
707 2045 740 2057 -
753 2015 830 2089 (teo)

125 3924 193 3996 (illa)
206 3925 377 3996 lnierqnas
402 3922 579 3977 intemerate
608 3918 658 3974 liei
688 3919 816 3977 Genitris
829 3922 913 3994 virgo
969 3924 1224 3985 tuiBartholcmaei
1249 3923 1404 3980 testivitate
1429 3923 1567 3990 tribuisti,
1596 3924 1634 3980 da
1656 3923 1792 3979 Ecclesia
1901 3934 1906 3937 ·

98 4009 183 4075 latit.
197 4010 519 4086 oujushssnmptionis
534 4008 615 4064 diem
637 4007 835 4077 celebramus,
852 4012 914 4082 glo·
967 4024 1025 4073 tuae
1040 4020 1252 4088 quaesumus,et
1264 4027 1366 4068 amare
1376 4012 1594 4085 quodcredidit
1604 4013 1795 4085 etpruedicare

97 4101 278 4159 dosaeiiulsit
298 4120 307 4158 z
324 4100 396 4169 Qne
406 4105 433 4155 cl
443 4096 633 4168 Unigenitum
648 4103 734 4153 tanin
745 4103 839 4157 sancti
853 4102 915 4174 Spi·
969 4108 1052 4178 qnod
1062 4103 1161 4160 docuit
1175 4102 1229 4159 Per
1249 4101 1410 4158 Dominum
1421 4108 1568 4158 nostrum.
1625 4114 1630 4123 “

98 4188 159 4246 n'tus
181 4190 414 4248 obumbratione
427 4188 565 4259 concepit
579 4194 609 4243 ct
624 4187 801 4258 virginitatis
819 4189 915 4260 gloria
1005 4189 1094 4261 Super
1109 4187 1217 4255 oblata.
1244 4218 1275 4230 -
1290 4188 1371 4244 Beati
1385 4188 1511 4259 apostoli
1538 4189 1577 4244 tui
1593 4187 1793 4246 Bartholamaei

98 4288 277 4351 permanente
293 4279 368 4336 huic
376 4276 490 4334 mundo
501 4277 602 4332 lumeri
611 4283 753 4333 oeternum
762 4279 916 4336 etiudille·
970 4277 1211 4352 cujossolemniu
1225 4279 1797 4349 recensemusquaesumusllominaau·

100 4366 473 4425 somChrismmlloiniuum
488 4373 622 4422 nostrum
635 4365 689 4422 Per
702 4381 791 4438 quein
969 4370 1040 4425 xiiio
1050 4365 1256 4424 tuabenelieia
1267 4366 1428 4439 capiamus,
1444 4381 1498 4439 pro
1509 4382 1571 4439 quo
1596 4368 1649 4424 tibi
1673 4367 1794 4426 Hostias

127 4458 333 4517 ⁸Beuedictio.
348 4458 470 4527 -(459)
482 4456 566 4523 Deus,
577 4455 630 4528 qui
644 4470 698 4528 per
710 4457 806 4513 beatae
817 4458 916 4515 narie
932 4458 955 4517 D
971 4457 1069 4514 laudis
1081 4454 1245 4512 offerimus.

100 4546 208 4618 viginis
217 4554 345 4621 partum
360 4543 778 4617 geunshumanumdignatus
789 4547 917 4603 estredi·
1006 4544 1158 4617 Praefatio.
1175 4574 1202 4586 -
1219 4544 1425 4615 Versdignum
1439 4545 1591 4616 ctjuslum
1619 4550 1664 4601 est
1682 4560 1796 4618 equum

101 4648 173 4703 nere,
187 4652 242 4695 sua
261 4635 468 4705 rosdignetur
492 4631 697 4689 benedictione
723 4633 915 4707 locupletare.
972 4642 1000 4694 et
1009 4636 1146 4706 salutare,
1164 4650 1219 4690 nos
1232 4634 1285 4690 tibi
1300 4650 1414 4707 semper
1429 4641 1457 4691 et
1474 4635 1584 4708 ubique
1594 4634 1797 4706 graliasagere

102 4725 191 4782 luen.
204 4728 340 4799 Eiusque
353 4720 622 4795 semperetnbique
634 4723 918 4795 patrociniasentia·
973 4727 1094 4783 Domine
1108 4730 1219 4789 sancte,
1235 4722 1322 4780 Pater
1343 4723 1539 4795 omnipotens,
1560 4732 1667 4780 aterne
1691 4723 1795 4789 Deus;

102 4811 285 4888 ismenias
301 4815 475 4869 intemerato
493 4816 575 4867 utero
588 4821 740 4869 auctorem
753 4812 920 4871 ritsesusci·
972 4815 1024 4889 qui
1043 4813 1206 4871 Ecclesiam
1224 4819 1304 4869 tuam
1321 4812 1502 4885 sempiterna
1524 4813 1633 4887 pietate
1645 4814 1720 4885 (463)
1735 4827 1797 4869 non

102 4915 159 4972 pore
170 4905 319 4961 meruistis
330 4902 434 4958 Amen.
450 4898 483 4957 iti
492 4901 544 4974 qui
557 4900 596 4956 ad
611 4902 676 4971 ejus
707 4900 919 4961 celebrandum
974 4902 1085 4959 deseris
1099 4901 1152 4957 sed
1163 4915 1216 4973 per
1229 4897 1488 4972 beatosopostolos
1497 4899 1796 4972 tuosjugitererndis,

103 4988 274 5051 lahantem
289 4989 500 5048 hodiernadie
514 4988 791 5047 derotismenlibus
815 5008 922 5051 conve-
974 4996 1003 5049 et
1017 4990 1151 5048 sineflne
1161 4987 1304 5045 custodis.
1322 4990 1373 5045 Per
1383 4987 1535 5046 Christum
1550 4988 1713 5046 [lominum
1747 5002 1801 5046 no·

103 5080 184 5146 nens,
199 5078 922 5154 spiritaliumgeudinrnmetaeternornmpriemio
976 5086 1079 5139 strum.
1668 5092 1670 5095 ·

104 5180 158 5224 min
172 5172 333 5227 vobiscum
342 5184 468 5225 munera
476 5168 641 5240 reportetis.
654 5172 753 5225 emen.
764 5171 848 5228 Oeno
857 5171 922 5245 ipse
1010 5171 1057 5226 Ad
1071 5169 1287 5242 complendam.
1301 5168 1535 5240 -Snmpsimns
1544 5168 1669 5226 Domine
1690 5167 1801 5241 pignus

104 5266 228 5327 prestare
237 5260 393 5330 dignetur.
976 5260 1079 5317 salutis
1093 5268 1217 5327 interires,
1229 5258 1410 5315 celebrantes
1417 5264 1499 5315 beati
1507 5258 1712 5316 bartholomaei
1726 5273 1799 5330 apo-

133 5391 146 5422 ·
158 5384 314 5440 Benedictio
329 5382 391 5439 haec
406 5380 434 5460 iu
444 5381 657 5438 benedictionali
674 5384 838 5440 continetur.
976 5385 1072 5442 eodem
1084 5384 1127 5440 die
1139 5384 1214 5456 prius
1226 5385 1349 5457 legitur:
1363 5384 1434 5449 Not,
1443 5384 1537 5441 suncti
1546 5382 1683 5443 Audoeur'
1693 5381 1803 5450 episco·

134 5451 335 5513 blleeslrriiiri
354 5471 406 5522 ris,
428 5470 456 5508 iii
481 5454 549 5509 Cod.
574 5454 644 5527 llog.
673 5455 792 5512 Sueciis.
823 5457 876 5514 Sed
893 5456 923 5515 in
977 5459 1061 5530 pise.
1079 5456 1318 5528 llothouiageusis,
1351 5473 1379 5511 ri
1409 5458 1546 5513 Kalendas
1578 5456 1746 5526 Septembris
1770 5452 1802 5507 in

108 5523 182 5594 prins
190 5529 322 5584 umbone
332 5472 443 5606 iegitur.
500 5594 506 5604 ρ
978 5539 1093 5602 utroque
1107 5528 1209 5585 Theod.
1224 5536 1252 5583 ot
1265 5545 1293 5584 rn
1308 5530 1412 5586 Gemet.
1424 5530 1583 5603 assignatur
1608 5544 1616 5583 ι
1638 5523 1706 5584 dci.
1733 5538 1804 5583 tort·

136 5597 209 5655 eiios
224 5598 329 5656 testam
345 5601 479 5653 omittitur
499 5611 527 5650 iii
559 5595 677 5654 Kalend.
709 5596 800 5666 iloni„
819 5597 848 5655 in
872 5602 922 5659 Ca·
980 5602 1099 5673 ctitlcfi
1113 5600 1268 5676 martvris.

109 5662 328 5730 mencio.
348 5671 415 5747 lteg.
433 5669 516 5727 Suec.
546 5668 642 5726 Exsul
666 5667 695 5725 in
718 5669 840 5742 Gomon,
875 5672 920 5732 ubi
