4062 6180
13 2028 14 2039 ¹
114 2024 311 2098 anglicanum
326 2037 387 2077 esse
401 2020 535 2084 creditur,
549 2024 642 2076 eistat
652 2020 715 2074 libri
730 2019 949 2090 Evangeliorum

270 7 340 85 i!

109 188 171 251 iso
497 180 537 244 in
558 184 589 246 s.
612 180 791 247 corconi
810 181 947 244 innan
967 161 1294 256 sionimnrcoiiii
1314 192 1434 257 nora.
1765 200 1823 261 iso
1931 162 1934 169 ⁴

105 322 181 393 juste
191 317 323 389 dejectum,
343 314 373 371 in
385 314 503 371 seminia
516 314 613 399 synodo
626 315 751 371 innocens
771 314 938 397 reperietur,
956 316 1659 386 AlucadiclbusillicmensietRatoldiadditurrb
1698 327 1825 402 eebpteii.

110 386 525 461 nonpotestessepuodtnerat
554 404 608 469 nisi
623 387 727 459 pradia
749 401 941 468 amissosreoi-
997 389 1027 444 lii
1045 393 1201 449 pontificali
1218 396 1493 455 llomunohaecduo
1510 401 1649 456 vocabulo
1681 401 1826 458 eciderun-

107 464 170 535 piat
183 477 277 517 coram
292 461 395 513 altorio
408 460 440 511 de
452 476 533 513 inane
547 475 729 530 episcoporum
743 476 753 521 ;
765 474 789 512 si
806 472 942 528 episcopus
997 465 1053 519 tir.
1065 463 1095 517 lii
1110 464 1215 522 Ordine
1232 469 1362 525 Romano
1372 469 1647 543 legiturconsecratio
1661 474 1824 531 eorumdem.

110 541 161 591 est.
174 532 315 595 brictium,
328 530 459 584 orinatum
479 536 504 583 el
528 530 669 593 baculum
678 530 704 583 ³5
715 527 865 600 williel.
880 545 944 610 ⁰ta2
1033 534 1095 589 753.
1108 538 1220 593 Domine
1233 547 1332 606 sancte,
1348 541 1432 596 Pater
1445 544 1621 615 omnipotens,
1651 547 1705 600 etc.
1730 546 1761 600 ln
1777 546 1826 601 Co·

111 621 187 659 mum
198 609 226 657 et
237 601 394 672 planetam
406 618 429 654 sr
439 601 580 665 diaconus,
604 601 730 655 orari'um
753 608 779 655 et
799 599 904 663 albam·
919 614 943 655 si
998 603 1060 660 dice
1075 608 1185 663 Ratoldi
1210 609 1270 667 hac
1284 612 1509 682 praemittuntur,
1536 615 1669 670 Dominus
1682 615 1825 679 uobiscum,

110 675 299 733 subdiaconus.
309 678 437 743 patenam
448 678 475 727 et
490 672 608 726 calicem.
625 671 671 727 Sic
689 678 714 726 et
728 670 829 742 reliqui
838 669 943 751 prosim
998 677 1051 730 etc.
1067 675 1184 734 Sursum
1197 681 1288 748 corda,
1308 687 1362 739 etc.
1386 684 1416 739 ln
1442 684 1600 742 Pontificuli
1629 689 1759 743 Romano
1784 687 1826 743 liis

112 763 144 801 eti
157 746 187 799 iit
200 753 404 815 retemtwtltm
418 759 466 798 wi
480 744 613 815 recipiant
622 757 694 822 eum,
706 758 767 797 etim
778 741 944 796 ordinaret·
1020 748 1209 806 immittuntur
1219 753 1272 806 Per
1281 754 1372 808 omnia
1382 755 1486 811 secula
1495 756 1670 813 soculorum.
1685 758 1715 813 ln
1725 757 1828 815 Codice

113 824 171 881 tur,
184 820 374 895 perceperant.
387 813 507 894 Uliihaeo
523 816 609 868 rerba
620 830 626 867 :
638 813 668 868 N
670 814 708 895 isi
718 816 831 893 amissos
839 810 945 893 prodas
999 763 1153 876 Rhomensi
1168 822 1243 878 hunc
1257 824 1424 881 Orationem
1432 826 1494 883 hieu
1507 831 1665 899 sequuntur
1677 846 1684 884 t
1699 829 1828 886 Consum-

113 890 244 958 recipi'at,
261 902 318 941 non
333 898 372 939 iio
384 886 522 955 cupiendo
537 890 613 966 sunt?
628 901 709 955 quusi
736 884 879 956 ejusmodi
894 899 945 964 seii
999 890 1083 944 matio
1105 892 1257 962 prmbptcri
1277 897 1313 950 sit
1333 896 1417 962 nato,
1433 899 1546 968 tratres,
1561 901 1707 955 commanis
1720 902 1829 959 Oratio.

112 959 277 1030 episcopus,
290 972 339 1011 ⁸⁰¹1
350 956 507 1026 Pltsbllssl'i
519 971 568 1010 seu
584 956 805 1037 d¹⁸0⁰nbegeeii
829 953 945 1035 subdiu·
999 959 1068 1014 item
1082 961 1255 1020 Benedictio:
1271 965 1352 1034 Dens,
1367 969 1616 1040 sanctificationum
1639 978 1741 1027 auctor.
1760 973 1827 1037 Ouio

112 1027 571 1098 conos,degradetus‚gradusuo
587 1026 884 1098 penitusprivotussit‚
896 1025 946 1080 sed
1001 1046 1058 1085 non
1073 1036 1185 1089 exstant
1201 1035 1231 1090 iii
1247 1037 1372 1103 llicusis,
1388 1056 1481 1111 noque
1504 1041 1533 1096 in
1558 1041 1660 1098 Codice
1684 1042 1824 1101 Rodradi,

112 1099 302 1179 hnicemissio
312 1096 742 1180 gradusintelligiturduntaxat
753 1095 846 1167 quood
859 1094 946 1151 fecul-
1001 1102 1148 1159 Habentur
1159 1106 1273 1177 quidem
1288 1108 1317 1163 iii
1330 1109 1431 1166 Codice
1443 1110 1570 1179 lietoldi,
1580 1113 1630 1169 sed
1643 1118 1707 1183 post
1721 1112 1830 1171 unctio·

114 1176 206 1228 belem
222 1170 408 1225 misslsllflssdt
423 1184 452 1222 ¹¹¹
466 1168 516 1222 ¹³¹¹
532 1169 643 1234 ⁰ld¹¹¹t²s
671 1173 700 1223 el
711 1168 806 1239 (ΝΟΜ
820 1182 945 1221 commu·
1001 1189 1068 1229 nem
1080 1190 1108 1229 in
1122 1192 1220 1232 monio
1232 1179 1371 1250 etcopilis
1388 1198 1395 1248 3
1417 1181 1446 1237 iii
1461 1182 1568 1240 Ordine
1583 1183 1670 1239 etiarn
1688 1185 1828 1252 Romano,

113 1244 234 1298 itionem
250 1239 425 1318 cletitsslemi
439 1239 478 1293 ibt
505 1244 537 1294 til
562 1237 706 1311 eiusmodi
730 1239 859 1320 deJecliie
888 1253 946 1293 11⁰⁰
1001 1244 1124 1316 eedpost
1137 1247 1415 1307 indutumcasulum.
1429 1253 1499 1308 lltin
1513 1254 1675 1310 Pontincrti
1687 1256 1832 1312 desidera·

113 1318 212 1387 posset
242 1313 369 1382 emplius
397 1310 478 1381 fungi
504 1310 611 1365 ordinis
633 1309 676 1365 sui
697 1310 866 1390 ministerio,
896 1323 947 1363 nec
1001 1319 1048 1370 tur
1061 1321 1253 1375 consummatio
1263 1322 1423 1393 presbyteri,
1439 1325 1475 1380 sit
1493 1324 1579 1390 nobis,
1591 1326 1704 1398 [rati-es,
1716 1343 1831 1385 commu-

113 1383 333 1441 communicore
349 1398 413 1436 cuin
424 1380 544 1443 clericis.
560 1383 611 1436 sed
633 1397 699 1436 cuin
712 1380 792 1435 luicis
814 1384 942 1435 tantum.
1000 1386 1154 1454 nisoratio,
1169 1396 1222 1445 etc.
1239 1391 1293 1447 Sed
1315 1396 1379 1463 post
1401 1394 1533 1451 indutam
1547 1397 1676 1453 casulam
1702 1398 1830 1456 dicitur,-

113 1459 210 1523 Qoure
221 1452 366 1510 restitutio
379 1451 521 1526 ejusmodi
543 1452 801 1508 instrumentorum
820 1466 878 1505 nori
904 1453 948 1531 est
1003 1456 1075 1512 Dens
1088 1461 1332 1532 sanctificationum
1343 1472 1448 1520 anicios.

112 1528 220 1583 iterata
232 1525 390 1588 ordinatio,
406 1523 457 1579 sed
471 1527 584 1579 tuntum
601 1522 673 1578 ritus
688 1523 804 1596 quidem
825 1526 948 1578 exterior
1037 1530 1099 1584 itt.
1117 1529 1267 1588 Honorum.
1280 1536 1310 1589 lii
1336 1534 1436 1605 Editio,
1452 1542 1480 1592 et
1503 1536 1532 1592 in
1557 1537 1664 1594 Ordine
1687 1538 1830 1606 Romano,

111 1594 524 1679 qaosiguillcalurcjusmodi
540 1595 683 1675 dejectum
707 1609 790 1665 posse
807 1592 878 1674 jam·
895 1608 947 1674 suo
1002 1598 1105 1671 legitur
1120 1606 1149 1655 τὸ
1162 1602 1299 1669 bonorum,
1312 1622 1370 1662 non
1393 1607 1434 1663 ite
1448 1612 1534 1665 recte.
1563 1609 1634 1665 Vide
1649 1610 1735 1682 paulo
1762 1615 1831 1667 unte

111 1675 279 1726 ministerio
302 1667 394 1738 longi,
423 1670 452 1721 et
487 1680 703 1720 communicare
726 1681 788 1720 cuin
812 1663 921 1720 clericis
939 1678 946 1729 ;
964 1677 987 1735 Β
1002 1676 1152 1728 annotata,

112 1741 224 1811 alioqui
236 1738 372 1795 iterando
384 1735 947 1807 luissctmuiiusimpositioquiehisordi·
1038 1744 1102 1800 755,
1118 1745 1258 1817 Pontifices
1269 1764 1393 1805 summos,
1406 1749 1437 1804 ld
1452 1752 1505 1815 egi,
1520 1750 1677 1824 episcopos,
1696 1752 1739 1808 lt„
1753 1752 1831 1810 enim

112 1813 200 1868 nibus
214 1806 723 1890 ²⁸1flffssesslillllslsisubdlflfflfllllssffl
736 1805 890 1878 welleii&
899 1804 948 1877 qui
1003 1814 1136 1886 appellati
1152 1822 1221 1872 sunt
1230 1817 1364 1891 episcopi.
1376 1820 1560 1891 Fortunatus,
1568 1822 1618 1878 lili.
1627 1840 1667 1891 xi,
1676 1823 1767 1897 epigr.
1780 1826 1829 1881 ie:

131 1899 164 1938 er
177 1898 287 1936 munus
297 1883 510 1949 impositionem
519 1894 575 1932 noo
585 1877 753 1948 confertur),
767 1878 948 1948 quodtomen
1284 1898 1290 1907 ·

136 1955 230 2009 'cnon
245 1956 379 2022 uppuret.
397 1948 594 2004 lnPontilioali
604 1966 657 2004 ms.
672 1953 859 2020 supracitato,
872 1947 948 2018 quod
1065 1920 1567 2049 p⁰1¹i¹g¹⁹gfiissiug¹¹essffgfflffffiscfflffiffig
1577 1942 1737 2055 &simii

114 2096 237 2152 traditio
249 2094 302 2148 suli
315 2093 369 2147 liae
385 2091 497 2146 lorino:
514 2091 615 2163 Accipe
629 2090 705 2147 istud
718 2089 839 2145 colonien
863 2091 948 2145 Euan·
1004 2088 1229 2160 Intelligitcnim
1249 2091 1288 2148 ibi
1305 2098 1436 2150 sunctum
1453 2097 1629 2153 Germanum
1655 2064 1830 2157 Parisiorum

113 2169 186 2239 petii
192 2185 202 2233 ;
217 2167 273 2237 lupe
285 2172 309 2219 et
319 2163 448 2234 intellipe,
464 2170 489 2217 et
503 2163 570 2218 aliis
583 2162 672 2229 trade,
687 2169 712 2217 et
724 2169 755 2218 tu
768 2178 846 2233 opere
860 2160 950 2218 adim·
1003 2160 1177 2232 episcopam.
1190 2161 1312 2220 Consule
1327 2165 1540 2223 observationes
1554 2170 1713 2225 nostrised
1728 2171 1832 2244 Marty-

13 2312 14 2317 ἵ
112 2242 169 2312 με,
1003 2230 1831 2305 rotagiumsanctorumoidinissunctiBenedictietloan·

150 2309 284 2365 Tandem
302 2303 950 2378 postindutomstolominOrdineRomano‚et
1004 2317 1070 2357 nem
1091 2303 1277 2373 Suiuronem,
1294 2307 1331 2361 ud
1345 2307 1427 2377 epist.
1445 2312 1476 2366 ll
1501 2308 1549 2364 lib.
1566 2326 1593 2364 iii
1613 2310 1732 2367 Sidonii.
1752 2313 1832 2369 Hanc

13 2404 18 2415 ·
115 2380 257 2437 incodice
273 2374 948 2446 Rhemensisioliabetur:Sequiturbenedietios
1004 2378 1097 2429 aulem
1108 2375 1271 2430 Orationem
1282 2376 1311 2431 in
1324 2378 1425 2434 Codice
1440 2378 1554 2435 lietoldi
1569 2381 1695 2453 subjecte
1709 2399 1832 2456 sequun-

116 2450 233 2508 Domine
246 2456 351 2504 sanctie
361 2447 435 2519 fidei,
449 2447 515 2518 spei.
526 2451 636 2517 pratia,
648 2452 702 2503 etc.
716 2447 748 2501 lii
766 2446 869 2501 Codice
895 2446 948 2500 Re·
1003 2447 1050 2498 tur
1066 2445 1167 2500 :Modo
1182 2454 1320 2503 concertat
1333 2448 1427 2504 stolum
1441 2449 1474 2505 in
1494 2449 1570 2515 collo,
1586 2460 1611 2506 ct
1625 2452 1767 2509 induatur
1787 2472 1830 2510 cc·

13 2538 18 2551 ·
115 2520 384 2579 toluizssemcinio
392 2525 450 2590 post
464 2517 546 2573 stolus
557 2534 638 2589 snper
656 2533 761 2572 omnes:
785 2517 820 2571 ln
842 2516 949 2570 nomine
1003 2514 1072 2569 sula.
1087 2518 1142 2571 Per
1156 2516 1212 2572 lieo
1226 2518 1384 2574 indumenta
1399 2520 1495 2575 stolam
1514 2530 1538 2577 et
1550 2523 1669 2578 amulam
1680 2524 1831 2582 salutisin·

12 2616 20 2651 r
113 2602 218 2651 mustis
236 2591 398 2658 Trinitatis,
413 2597 439 2643 et
451 2589 538 2644 unica
551 2589 717 2643 diuinitatis.
733 2586 801 2642 Alia
815 2604 823 2642 .·
835 2587 951 2642 Dauniae
1003 2586 1053 2640 dui
1061 2589 1202 2651 merearis,
1213 2596 1238 2643 et
1250 2597 1357 2645 celertioe
1361 2593 1555 2662 perpetuitatis
1562 2592 1760 2664 planitudinem
1771 2613 1831 2653 cnm

11 2658 17 2705 ³·
113 2673 219 2722 muctre
236 2662 319 2734 fidei,
344 2664 411 2742 spei,
431 2661 540 2748 pratia,
566 2666 620 2716 etc.
645 2660 690 2714 ild
715 2657 950 2714 missammandum
1003 2658 1103 2712 sanctis
1115 2660 1295 2716 sacerdotibus
1317 2662 1426 2718 Cliristo
1439 2663 1614 2719 ministrante
1637 2682 1770 2739 capessere
1785 2686 1831 2723 ca-

11 2754 17 2795 ,·
113 2738 280 2793 diaconatus
292 2734 408 2805 officium
423 2734 565 2787 tommano
583 2739 673 2786 cotum
684 2736 856 2802 permaneat,
882 2745 949 2784 com·
1004 2728 1066 2810 lens.
1083 2728 1115 2810 ¹¹¹.
1130 2729 1235 2785 Ordine
1247 2731 1364 2802 quidem
1375 2734 1571 2790 etPontidcsli
1591 2736 1723 2793 Romano
1741 2739 1828 2811 503

11 2800 19 2885 ‚¹
114 2810 208 2864 munis
218 2807 318 2862 Oratio
331 2809 521 2874 prosequatur,
536 2806 592 2857 etc.
1002 2800 1079 2855 idem
1093 2805 1164 2855 ritus
1179 2806 1280 2869 exstet,
1294 2803 1344 2858 sed
1358 2804 1410 2858 sub
1432 2804 1490 2859 iilia
1504 2808 1657 2863 verborum
1673 2808 1798 2864 formula
1821 2827 1831 2866 ι

5 3130 6 3141 ,
113 3094 174 3149 cleo
183 3100 265 3162 atque
280 3089 438 3145 cbrisnmte.
460 3086 547 3159 502
561 3086 755 3141 consecrentur
767 3101 863 3140 maniis
881 3086 947 3148 ista,

152 2882 183 2934 ln
199 2878 291 2933 citato
308 2874 467 2929 l’ontiliculi
481 2873 637 2942 Anglicano
651 2888 723 2933 ms..
740 2876 804 2943 post
819 2869 947 2926 traditio·
1002 2871 1102 2942 Accipe
1112 2872 1209 2953 jupam
1224 2872 1344 2937 Domini,
1367 2880 1421 2930 etc.
1445 2876 1599 2948 Exstalque
1614 2878 1691 2934 idem
1707 2879 1777 2936 ritus
1800 2879 1829 2935 in

114 2968 185 3007 noui
200 2948 268 3004 iibri
284 2945 504 3016 Evangelioium
524 2944 635 3000 diaconi
650 2959 750 2998 manus
774 2947 918 3014 unguntur
940 2958 947 3007 ;
1003 2941 1176 3014 Eucliologio
1187 2946 1349 3001 Graecorum
1360 2945 1579 3004 inordinatione
1591 2952 1745 3022 presbyteri
1760 2967 1766 3007 :
1779 2956 1830 3005 Καί

113 3024 158 3078 ite
173 3021 253 3077 enim
268 3018 408 3073 habetur:
431 3016 604 3071 Consecratio
629 3031 760 3069 monum
785 3014 895 3068 diaconi
916 3012 950 3067 de
967 3040 988 3099 C
1003 3019 1072 3147 giga
1082 3022 1116 3101 rc
1131 3014 1363 3140 inscindipnplau
1379 3017 1460 3070 αὐτοῦ
1478 3020 1529 3100 'int
1554 3023 1585 3071 τὸ
1612 3023 1757 3104 ipnpcaen
1783 3029 1830 3075 τοῦ

113 3178 283 3237 prassinus,
301 3160 424 3221 Domine,
442 3164 467 3212 et
488 3157 692 3238 sanctificentur
715 3173 766 3226 per
791 3157 871 3210 istam
899 3172 950 3210 un·
1002 3091 1831 3238 timoiriiiiiiiiiideitiilectriiiiiiiirffxmpilirssmciiiilffilige

113 3238 233 3291 ctionem
250 3239 262 3286 t
365 3246 378 3284 e
401 3228 618 3291 benedictionem,
634 3235 664 3283 ut
684 3243 850 3299 quacunque
873 3225 950 3281 bene·
1003 3228 1158 3298 cupiendus
1173 3233 1216 3284 est
1230 3227 1309 3285 locus
1323 3231 1434 3287 concilii
1447 3233 1628 3289 trecorensis
1647 3250 1687 3301 iii,
1709 3252 1773 3291 cuii.
1787 3237 1828 3292 3:

113 3304 269 3362 dicerintb
340 3303 393 3355 icta
406 3302 466 3355 sint
477 3306 522 3364 ,·et
536 3314 695 3371 quacunque
712 3298 948 3368 sanctificaverint,
1003 3298 1121 3364 Scilicet,
1135 3307 1164 3354 ut
1178 3316 1238 3354 eum
1252 3301 1418 3357 muscosae
1440 3303 1570 3359 solemnia
1589 3304 1739 3362 Missurum
1759 3322 1831 3362 accc·

113 3377 289 3448 mortificata
303 3374 370 3428 sint.
385 3372 449 3427 Per.
465 3372 584 3429 Eisone
597 3370 666 3424 olim
681 3370 709 3424 iii
721 3369 813 3424 Gallie
827 3369 872 3423 iiio
886 3384 950 3423 mos
1003 3370 1055 3434 dit,
1071 3377 1121 3424 rint
1131 3385 1182 3440 per
1195 3386 1221 3425 sc
1235 3369 1289 3425 Deo
1306 3372 1474 3442 sacrificium
1498 3373 1652 3440 oblaturus,
1677 3384 1725 3431 aut
1739 3394 1831 3434 sacrm.

114 3439 950 3513 inoleveratiitmunusdioconisuogcrentur3quodmani-
1003 3441 1832 3513 mentumcorporisetsanquinieDomininostrilesuctirisii

115 3520 224 3576 festum
238 3521 330 3572 estex
346 3513 467 3586 epistole
479 3510 587 3567 Nicolai
598 3528 677 3582 pupis
689 3511 708 3567 l.
720 3511 756 3565 ud
768 3510 950 3583 liodolplium
1003 3519 1170 3583 sumpturus,
1185 3528 1237 3565 nan
1253 3512 1337 3567 aliter
1350 3514 1764 3589 accedatpuamorarioutroque
1780 3520 1831 3575 lin-

115 3580 948 3659 archiepiscopumllituriceusem(ToinJHConcGallia):
1004 3582 1369 3652 mcrocircnmseptus,sicnt
1389 3592 1414 3639 et
1439 3591 1491 3639 tem
1543 3586 1752 3643 eordinctionis
1773 3605 1831 3646 suae

115 3664 260 3718 Proetsrsa
276 3658 424 3712 sciscitaris
439 3663 532 3710 utrum
547 3654 611 3709 solis
625 3654 798 3724 presbyteris,
813 3670 850 3707 an
863 3653 952 3706 diaco·
1005 3653 1175 3723 dt'piiosci'tur
1190 3661 1376 3709 miisccrotus:
1389 3656 1430 3709 ita
1443 3663 1473 3710 ut
1526 3657 1727 3729 unoeodemqne
1737 3661 1832 3715 orario

117 3735 201 3788 sibus
215 3729 342 3791 debeant,
357 3744 418 3782 cum
429 3728 612 3791 ordinantur,
637 3742 733 3779 manus
746 3725 903 3804 cirismatis
918 3722 952 3776 li·
1005 3725 1136 3779 ceruicem
1141 3724 1251 3794 pariter
1257 3731 1281 3778 et
1289 3731 1432 3797 inrunipuc
1439 3726 1579 3782 bumernin
1581 3744 1716 3852 premens,
1725 3731 1832 3812 cipetum

116 3821 201 3877 auore
213 3800 346 3874 perenni.
370 3799 452 3864 Quod
478 3813 536 3851 non
564 3796 769 3867 interrogasset
788 3794 952 3865 pontificem
1006 3797 1037 3849 in
1063 3811 1111 3850 suo
1130 3802 1235 3865 pectore
1254 3804 1391 3877 preparet
1416 3796 1504 3867 [illibi
1518 3815 1577 3869 prm
1593 3801 1663 3871 eret]
1681 3816 1782 3858 crucis,
1801 3800 1832 3855 Si

16 3900 17 3903 ¹
117 3875 285 3931 maximum
297 3870 475 3939 liudulphus,
491 3866 545 3923 nisi
555 3866 585 3923 id
601 3867 688 3922 moris
703 3866 802 3922 esseio
820 3866 952 3920 diacono·
1006 3866 1066 3938 puis
1079 3872 1169 3920 cutem
1182 3867 1266 3920 aliter
1285 3874 1380 3938 sperit,
1398 3870 1667 3925 excommunicationi
1679 3870 1827 3943 subjaceat.

118 3963 184 4003 rom
200 3941 388 4000 ordinatione
412 3938 515 3995 alicubi
539 3938 568 3993 in
592 3938 684 3995 Gellio
706 3943 881 4009 compertum
903 3937 954 3991 ha·
1043 3937 1173 3991 Orurium
1190 3941 1287 3992 autern
1302 3939 1780 4021 estquodvulgastolamdiciniua
1798 3945 1833 3998 de

119 4019 241 4074 buissel.
1007 4023 1063 4079 quo
1089 4007 1153 4063 vide
1171 4009 1310 4063 loannem
1325 4008 1480 4064 Meursium
1493 4026 1522 4064 in
1544 4010 1645 4067 Lexico
1669 4011 1834 4069 Groocobur-

154 4089 220 4145 749.
242 4083 392 4152 Presbyter
416 4079 654 4145 emendicetur,
680 4084 736 4137 etc.
757 4081 800 4135 lta
821 4077 954 4134 inEdilis
1007 4079 1088 4145 baro,
1101 4082 1129 4134 ct
1142 4077 1282 4133 isoncium
1296 4079 1504 4144 Cossutianum,
1534 4083 1572 4137 ud
1587 4082 1714 4139 Fluvium
1730 4084 1832 4156 Vopis-

23 4192 29 4207 ·
121 4164 150 4217 et
174 4161 205 4214 in
233 4153 439 4224 manuscriptis
467 4151 571 4207 nostris
606 4151 755 4207 (lodicibus
788 4149 952 4216 immensi,
1007 4148 1835 4216 cum,iol'ituilureliaui.Ouodororiumsivcstoledolur

22 4218 30 4241 ⁵
122 4228 253 4293 liutoldi,
267 4226 379 4281 Tiliono
393 4229 422 4280 et
435 4223 526 4280 sancti
542 4224 677 4279 Germani
691 4239 709 4277 u
728 4222 831 4277 Pictis.
849 4222 879 4276 ln
905 4223 954 4277 Or·
1008 4220 1037 4277 in
1052 4219 1295 4276 incardinatione
1311 4222 1490 4294 presbyteris,
1506 4228 1584 4294 putet
1606 4224 1693 4280 eliam
1720 4242 1753 4282 eii
1768 4242 1835 4282 coii-

123 4303 190 4358 dine
206 4300 354 4363 Romano,
365 4300 394 4352 et
408 4295 437 4350 in
452 4292 573 4350 concilio
588 4294 722 4365 Carthag.
736 4309 772 4356 iv.
789 4308 853 4347 ceo.
870 4292 897 4358 3,
926 4296 955 4348 et
1008 4291 1072 4347 cilio
1087 4292 1225 4346 toletano
1238 4309 1273 4357 iv,
1285 4308 1348 4347 can.
1359 4292 1516 4350 illiricus
1525 4294 1832 4371 diciturinirpaznlmi,

124 4374 154 4429 in
169 4368 334 4427 Pontiliculi
348 4384 422 4433 ins,
438 4365 515 4437 quod
534 4364 723 4435 Anglicunum
738 4379 800 4419 esse
827 4368 951 4435 putatur,
971 4368 1040 4458 Dut
1059 4362 1169 4417 clarum
1195 4366 1239 4417 est
1253 4379 1287 4418 ex
1308 4363 1428 4420 theoria
1447 4365 1569 4437 mystica
1583 4366 1673 4423 sancti
1698 4368 1835 4424 Germani

126 4460 176 4516 pro
187 4444 234 4497 his
250 4439 354 4499 serbis.
366 4454 447 4508 super
463 4437 520 4507 ejus
531 4443 612 4507 capnt
629 4441 744 4502 teneant,
761 4434 864 4506 legitur
873 4451 955 4505 super
1009 4434 1180 4506 patriarches
1195 4434 1517 4507 constantinopolitani,
1530 4436 1596 4508 quia
1607 4437 1714 4494 circum
1728 4439 1836 4494 collum

127 4516 203 4569 illius
214 4519 320 4584 ponam
329 4516 419 4580 caput.
436 4512 464 4563 lii
480 4506 955 4562 Pontificelillomeooliaecomnis
1009 4504 1201 4576 componitur.

128 4585 210 4641 iliter
223 4584 254 4638 in
268 4584 345 4637 liunc
357 4581 475 4635 modum
488 4579 629 4634 habentur
643 4577 787 4647 :Pontiiec
805 4584 880 4631 stans
893 4583 956 4631 ants
1046 4576 1107 4631 756.
1125 4574 1179 4630 Hic
1192 4575 1271 4630 uestis
1285 4581 1312 4631 ct
1323 4575 1450 4631 casulam.
1467 4578 1620 4635 Benedictio
1631 4580 1734 4648 Patris,
1748 4588 1773 4635 et
1786 4578 1851 4635 lii·x

131 4656 318 4729 [mainerium
337 4668 396 4707 eum
410 4650 505 4713 mitra,
527 4655 551 4704 et
574 4648 654 4703 nulla
677 4648 805 4703 Oratione
829 4647 957 4718 nulloque
1012 4647 1055 4713 tii,
1069 4651 1123 4702 etc.
1139 4649 1180 4701 lto
1194 4644 1332 4709 inEdilis,
1346 4646 1415 4702 etin
1433 4648 1534 4704 Codice
1553 4650 1718 4707 Rhemeosi.
1741 4653 1771 4707 ln
1786 4652 1837 4707 Or·

130 4735 207 4783 contu
221 4723 382 4797 premissis,
397 4722 513 4791 imponit
526 4721 608 4775 simul
620 4730 761 4790 utramque
782 4734 894 4773 manum
913 4734 957 4772 su·
1012 4718 1078 4774 diae
1094 4721 1122 4772 ct
1139 4717 1437 4774 Pontificulillomuno
1458 4720 1578 4775 hebetur
1594 4742 1601 4777 ι
1619 4722 1716 4793 Accipe
1741 4730 1838 4778 vestem

130 4816 176 4871 per
187 4798 283 4868 cupita
291 4793 435 4866 cujuslibet
444 4791 598 4847 ordinandi
606 4806 763 4853 successive,
774 4789 845 4843 nibil
854 4790 957 4857 dicens,
1012 4787 1215 4851 sacerdotalem,
1227 4794 1280 4843 etc.
1296 4789 1326 4843 lii
1341 4789 1443 4845 Codice
1468 4789 1580 4845 liutoldi
1601 4792 1703 4863 legitur
1728 4809 1734 4846 :
1754 4794 1839 4849 Bene-

18 4896 26 4941 5
132 4868 371 4994 ῑαριηᾳιιεάαοίιιηῐ
383 4871 440 4936 post
452 4880 512 4918 eum
521 4878 609 4917 omnes
621 4862 775 4916 sacerdotes
788 4862 836 4931 qni
849 4860 956 4914 amnem
1012 4860 1097 4914 dictio
1109 4866 1167 4941 post
1181 4860 1287 4913 casulas
1300 4876 1382 4925 suiten
1392 4876 1489 4915 omnes.
1504 4862 1661 4917 Benedictio
1672 4863 1724 4918 Dei
1733 4865 1837 4930 Patris,

18 4946 21 4957 ·
166 4942 231 4996 750.
290 4954 373 4999 emus,
388 4934 568 4999 dilectissimi,
596 4939 649 4989 elo.
666 4933 746 4988 ticin
771 4932 858 4987 Editio
884 4937 912 4986 et
931 4930 958 4986 in
1014 4938 1038 4986 et
1053 4929 1135 4993 Filii,
1147 4936 1172 4983 et
1186 4928 1306 5000 Spiritus
1319 4932 1416 4993 sancti,
1428 4931 1659 5004 descendatsnper
1682 4942 1773 4997 uos,et
1797 4936 1840 4989 liis

135 5013 198 5069 cod.
217 5008 346 5065 Rodrudi
359 5012 387 5062 et
399 5005 514 5061 liutoldi
524 5021 531 5071 ;
543 5009 584 5059 ita
598 5004 684 5060 etism
700 5005 728 5059 in
744 5003 839 5058 Codic.
857 5005 958 5058 llhein.
1014 4999 1222 5056 sacerdotatibus
1235 5000 1350 5056 cestibus
1365 5001 1466 5066 induti,
1482 5005 1596 5072 protecti
1618 5012 1642 5059 et
1664 5006 1766 5060 muniti
1786 5022 1840 5061 esse

135 5089 161 5140 el
171 5084 200 5138 iii
216 5082 326 5137 Ordine
338 5082 480 5141 liomsno,
492 5076 629 5147 inquibus
637 5072 959 5142 praemittiturolloculio
1014 5073 1127 5127 nabotis
1139 5071 1172 5125 ab
1184 5071 1305 5125 omnibns
1320 5073 1566 5143 impupnationi'bus
1581 5077 1762 5145 malipnornm
1784 5078 1841 5147 spi-

136 5157 167 5210 ul
177 5153 319 5227 populum
333 5152 362 5205 in
379 5152 453 5204 liuac
473 5150 593 5202 modum
609 5162 615 5201 :
637 5146 779 5211 Quoniam,
794 5142 961 5200 dilectissimi
1015 5146 1131 5205 rituum,
1145 5148 1172 5196 ct
1184 5145 1243 5197 sitis
1256 5141 1386 5196 beiiedi'cti
1400 5145 1430 5197 in
1444 5146 1550 5199 immine
1576 5148 1689 5201 Domini
1711 5148 1798 5203 nostri
1816 5154 1841 5204 et

136 5229 249 5299 tratres,
263 5228 317 5279 etc.
330 5224 360 5278 lii
371 5217 531 5275 pontificali
541 5220 673 5273 llomano
686 5216 847 5272 haecOreiio
860 5213 961 5288 plurali
1016 5216 1047 5269 in
1060 5212 1293 5294 uirtuteSpiri‘tas
1306 5221 1391 5294 sancti
1408 5215 1437 5268 i'n
1449 5216 1548 5270 ordine
1557 5219 1730 5283 sacerdotali,
1741 5226 1767 5273 et
1778 5220 1842 5342 offc-

137 5312 255 5354 numero
270 5293 447 5349 emuntur,
1015 5285 1087 5340 ratis
1100 5284 1199 5338 lustras
1213 5283 1355 5353 placabiles
1368 5302 1419 5356 pro
1431 5288 1545 5354 peccatis
1559 5296 1640 5361 atque
1652 5291 1795 5361 offeruioni'
1812 5305 1843 5345 iis

168 5370 236 5424 ¹151.
255 5364 371 5420 Eccum·
388 5379 444 5426 nos,
461 5359 752 5432 consummemini
771 5354 843 5411 Deus
860 5361 961 5424 noster,
1016 5353 1195 5427 omnipotenti
1213 5356 1636 5439 Dea,cuicstboncretploria.
1666 5366 1696 5414 ln
1722 5358 1842 5415 concilio

138 5443 187 5495 clc.
200 5440 245 5492 lta
259 5438 288 5491 iii
307 5434 431 5498 dicusis,
455 5440 484 5487 et
502 5447 532 5486 in
553 5431 702 5489 (lodicibus
727 5429 892 5493 illicinensl,
910 5427 963 5481 llo-
1017 5429 1154 5484 Toletano
1170 5442 1207 5490 ii,
1224 5441 1288 5480 can.
1301 5427 1345 5491 tl,
1362 5430 1526 5499 presbytero
1541 5446 1569 5483 iii
1583 5446 1635 5485 sue
1661 5429 1843 5486 ordinatione

139 5509 228 5575 medi,
245 5512 275 5564 et
287 5504 412 5572 lietoldi,
429 5508 515 5584 atque
534 5503 622 5558 etium
634 5517 662 5555 in
677 5500 781 5554 Ordine
804 5503 833 5554 et
849 5498 964 5554 Pantili-
1018 5499 1134 5570 planctu
1151 5498 1246 5561 datur,
1261 5513 1325 5567 quir
1338 5497 1414 5554 idem
1428 5505 1471 5554 cst
1485 5515 1518 5554 ec
1532 5501 1639 5555 casule.

140 5581 190 5638 capi
208 5580 353 5645 Romano,
375 5576 405 5630 jn
428 5577 529 5647 qumus
545 5571 734 5644 praemittitur,
751 5570 902 5627 Flectuntur
919 5585 963 5641 pe·
1054 5570 1119 5626 tbi.
1140 5567 1339 5626 Gmuecrentur
1351 5586 1447 5624 omnus
1461 5570 1530 5633 ista,
1556 5575 1610 5625 etc.
1625 5571 1668 5625 lle
1693 5571 1723 5624 in
1743 5569 1843 5638 Editio,

140 5670 204 5717 mn,
223 5650 321 5705 beate.
1023 5645 1052 5696 et
1066 5640 1095 5695 iii
1118 5640 1187 5694 Cod.
1215 5639 1378 5695 Rhomensi.
1402 5641 1433 5693 ln
1456 5640 1556 5694 Codice
1581 5638 1690 5696 Ruloldi
1716 5639 1741 5697 le
1763 5640 1843 5699 itur:

175 5726 239 5781 tbi.
260 5720 445 5777 Caesenatia.
456 5716 499 5771 lte
509 5714 538 5769 in
547 5714 636 5770 Editio
646 5712 709 5770 etin
720 5711 823 5770 Codice
830 5709 968 5773 Rodrudi.
1023 5710 1222 5768 deurerentur
1234 5726 1328 5767 omnes
1342 5710 1416 5782 isto,
1430 5711 1726 5791 consummemini,
1790 5713 1847 5778 oleo

322 5807 448 5868 Poinoi.
468 5802 607 5865 milii.
1590 5794 1596 5815 ¹
1620 5804 1653 5864 it
