4084 6202
185 369 224 441 ss
657 379 848 447 consano
867 380 905 444 nv
926 379 1062 446 aaron
1081 381 1419 449 samanamoaou.
1634 332 1637 343 ¹
1741 358 1745 369 ’
1847 384 1889 448 aa

185 508 347 567 lebraatur.
365 508 446 576 Quod
461 512 560 568 tamen
582 510 680 578 miror,
693 512 760 583 quia
773 513 801 567 io
811 513 954 583 ejusmodi
970 513 1052 569 Edito
1064 531 1098 570 ex
1109 515 1257 581 Vaticano,
1274 516 1302 571 in
1318 515 1391 573 testo
1404 517 1495 573 sancti
1509 516 1587 573 Pauli
1603 514 1741 588 scriptum
1756 514 1890 573 habetur:

185 582 322 652 Praefatio
336 587 362 636 et
377 582 538 638 Benedictio
550 599 611 655 quae
624 585 799 653 reperierant
809 585 838 639 in
853 585 955 640 Codice
970 586 1060 640 sancti
1074 586 1164 657 Eligii.
1183 589 1264 645 Unda
1274 588 1307 643 fit
1319 593 1350 643 ut
1362 590 1475 645 credam
1485 588 1615 644 Codicem
1625 588 1705 643 illum
1735 588 1893 644 manuscri-

187 658 267 726 ptum
282 652 454 723 descriptum
470 654 585 725 quidem
602 655 688 709 luisse
702 672 735 711 er
748 656 804 711 aiio
818 656 1019 726 antiquissimo
1033 659 1200 728 exemplari,
1217 660 1403 731 sedqurcdam
1416 660 1517 731 partim
1534 662 1662 715 detracta
1677 659 1773 724 fuisse,
1785 662 1891 730 partim

188 723 288 782 addita
302 725 338 779 ab
352 725 534 796 exscriptore,
550 729 635 797 prout
647 726 761 782 videbat
779 727 827 782 ille
841 727 903 782 usui
917 728 1054 799 temporis
1069 729 1112 783 sui
1125 730 1286 787 convenire.
1304 731 1356 796 Qui
1372 731 1508 797 expunxit
1519 730 1620 796 testum
1630 736 1735 786 sanctia
1749 730 1891 787 Mariand

188 798 335 866 Martyres,
351 797 428 865 quod
443 812 495 851 sua
508 801 592 853 aetate
606 799 777 868 abrogatum
793 806 863 854 erat.
878 798 951 853 Nam
964 816 1028 854 cum
1044 803 1104 870 ipse
1120 807 1208 871 ponat
1225 802 1328 857 festum
1340 802 1470 858 omnium
1488 804 1670 865 Sanctorum,
1684 803 1759 872 quod
1770 802 1817 858 diu
1829 806 1894 872 post

189 866 294 923 festum
309 871 414 922 sanctia
429 868 525 923 llarire
537 870 573 925 ad
585 872 725 939 martyres
745 869 909 924 institutum
921 875 973 934 est,
988 871 1103 941 signum
1115 876 1158 927 est
1172 889 1237 927 eum
1255 890 1311 927 non
1326 874 1427 929 vixisse
1443 878 1511 929 ante
1525 873 1690 945 hujusmodi
1705 873 1769 929 testi
1780 874 1891 928 institu-

187 938 310 1003 tionem,
321 938 372 993 sed
387 943 450 1007 post
461 939 537 995 illius
552 940 780 1009 abrogationem,
797 957 863 996 cum
876 941 981 996 testum
993 942 1122 997 omnium
1137 944 1309 1000 Sanctorum
1321 944 1462 1001 duntaxat
1483 946 1682 1008 celebraretur,
1697 946 1895 1015 quodconstat

189 1026 223 1066 ex
239 1008 372 1064 omnihus
384 1010 489 1067 noshis
505 1012 743 1067 Sacramentariis
758 1012 958 1081 manuscriptis
969 1013 1015 1068 diu
1029 1013 1203 1070 celebratum
1220 1015 1307 1072 inisse
1323 1017 1436 1088 vigente
1446 1014 1540 1072 adhuc
1552 1017 1624 1071 testo
1636 1018 1742 1071 sanctae
1754 1016 1849 1070 ldaria
1857 1016 1895 1071 ad

188 1081 336 1151 Martyres,
350 1081 487 1145 Quamvis
499 1086 595 1138 autem
611 1083 745 1153 quadam
754 1083 849 1138 desint
858 1084 886 1137 in
900 1084 1001 1139 Codice
1016 1086 1106 1139 sancti
1120 1086 1212 1156 Eligii,
1221 1106 1284 1157 quae
1297 1088 1439 1147 hahentur
1452 1089 1479 1142 in
1493 1104 1595 1143 excuso
1609 1088 1840 1142 Sacramentario
1861 1102 1896 1142 ex

190 1150 364 1208 bibliotheca
378 1152 527 1217 Vaticana,
544 1157 698 1210 esttamen
714 1170 748 1210 eo
764 1155 940 1226 locupletior,
958 1159 990 1211 ut
1003 1156 1060 1211 dixi
1076 1157 1105 1212 iu
1120 1157 1185 1212 libri
1214 1164 1438 1231 programmate,
1463 1159 1547 1231 longa
1566 1159 1643 1214 enim
1655 1159 1737 1230 plura
1749 1174 1836 1229 quam
1848 1156 1896 1214 ille

191 1224 320 1279 continet
329 1226 358 1277 et
372 1223 543 1295 antiquioris
555 1227 642 1281 notae.

227 1294 424 1351 Praetereailla
438 1295 539 1365 namin
553 1295 691 1352 histribus
707 1295 944 1353 Sacramentariis
958 1296 1509 1370 manuscriptisllodradi,lthe'mansiset
1519 1301 1629 1356 Ratoldi
1646 1303 1747 1355 notatu
1765 1300 1896 1372 digniora

192 1368 285 1433 erant,
299 1365 783 1436 maximequoadSacramentorum
796 1368 938 1424 rationem
945 1373 974 1424 et
980 1369 1367 1437 iestorumcelebritatem,in
1380 1373 1482 1427 nostris
1491 1372 1736 1427 observationibus
1745 1371 1893 1437 annotavi,

192 1435 334 1492 illustravi
350 1440 378 1492 et
388 1437 535 1507 explicavi.
550 1455 672 1510 qumque
686 1440 794 1495 rariora
806 1445 889 1494 erant
903 1440 932 1495 in
943 1441 1045 1496 Codice
1059 1442 1169 1497 'liliano
1183 1444 1212 1497 in
1228 1446 1343 1498 easdem
1360 1444 1494 1498 transtuli
1521 1443 1673 1513 diligenter
1705 1459 1768 1498 curn
1794 1441 1897 1499 Codice

194 1507 286 1564 sancti
300 1507 382 1579 Eligii
397 1508 511 1564 collata.
529 1511 598 1575 Quae
613 1514 680 1565 suut
695 1511 722 1565 in
738 1528 774 1582 ap
794 1512 905 1577 codice,
928 1529 963 1568 ex
977 1512 1083 1568 nostris
1096 1514 1341 1569 observationibus
1374 1515 1512 1581 detracta,
1542 1515 1578 1571 ad
1611 1513 1673 1569 libri
1706 1514 1814 1569 calcem
1844 1514 1897 1569 sub

195 1578 359 1649 appendicis
370 1579 454 1636 titulo
466 1580 562 1652 rejeci,
579 1598 614 1637 ne
628 1581 657 1637 in
670 1582 726 1637 illis
740 1529 825 1638 reihti
838 1582 950 1653 sepulta
960 1584 1098 1651 ,tacerent
1113 1583 1160 1639 Sic
1172 1589 1268 1640 autem
1286 1587 1313 1642 in
1329 1585 1373 1641 his
1397 1585 1641 1641 observationibus
1652 1602 1698 1641 me
1712 1584 1786 1656 gessi
1803 1589 1832 1640 ut
1847 1584 1898 1639 illa

195 1666 259 1722 quaa
272 1654 340 1705 sunt
353 1650 484 1707 hodierni
498 1657 725 1724 causamentum
742 1652 771 1708 in
783 1670 829 1708 me
843 1654 930 1709 situm
947 1654 1009 1720 luit,
1026 1655 1063 1710 ad
1076 1655 1208 1726 antiquos
1220 1657 1348 1712 Ecclesiae
1361 1656 1432 1712 ritus
1444 1673 1619 1714 revocarem.
1634 1658 1670 1711 ab
1683 1672 1783 1711 eorum
1799 1661 1896 1711 tamm

196 1725 293 1777 mente
309 1721 431 1788 alienus,
445 1722 493 1793 qui
507 1741 607 1780 omnes
621 1723 828 1780 ecclesiasticas
842 1724 1036 1781 institutiones
1047 1730 1076 1781 et
1089 1726 1171 1793 ritus,
1187 1728 1366 1796 atnoeetiam
1381 1729 1553 1784 recentiores
1568 1728 1604 1783 ad
1617 1727 1811 1799 apostolorum
1828 1731 1898 1782 tem·

195 1808 265 1863 pora
280 1793 416 1849 omnihus
435 1794 522 1849 remis
538 1798 566 1850 et
581 1795 659 1861 velis,
674 1800 706 1851 ut
718 1796 807 1859 munt,
824 1796 1127 1861 reterrecoatendunt‚
1143 1813 1200 1869 quo
1216 1798 1285 1852 nibil
1302 1800 1452 1854 absurdius
1471 1816 1532 1855 esse
1547 1798 1803 1870 semperjudieavi.
1824 1798 1894 1853 Nam

193 1864 336 1936 ejusmodi
351 1864 483 1920 homines
496 1866 679 1936 antiquorum
693 1871 809 1922 Petrum
821 1871 850 1922 et
863 1867 1048 1923 conciliorum
1064 1869 1157 1924 verbis
1171 1886 1203 1924 ac
1217 1870 1365 1925 sententiis
1379 1871 1436 1925 vim
1451 1870 1555 1925 inierre
1581 1887 1639 1925 aon
1654 1870 1796 1937 dubitant,
1810 1870 1896 1924 modo

193 1938 254 1991 suis
266 1935 349 2005 nugis
369 1935 399 1990 in
415 1936 532 1991 officina
546 1938 652 1992 cerebri
668 1938 712 1993 sui
734 1936 808 1993 cusis
820 1940 944 1994 colorem
960 1938 1082 2010 aliquam
1098 1945 1127 1996 et
1162 1939 1258 1995 fucum
1290 1940 1742 2012 tribuerepossint3noneorum
1769 1945 1895 1996 mentem

194 2006 283 2077 senui,
295 2006 345 2061 sed
359 2022 424 2061 eam
440 2009 476 2061 ad
491 2007 630 2078 sincipitis
640 2008 684 2063 sui
700 2009 818 2064 nebulas
834 2010 998 2079 pertrahere
1013 2010 1168 2081 cupientes,
1184 2027 1242 2066 non
1267 2011 1325 2066 sive
1337 2013 1416 2081 gravi
1450 2013 1628 2083 antiquitatis
1640 2012 1849 2077 ecclesiasticae,
1868 2016 1897 2066 et

193 2076 321 2134 veritatis
336 2076 500 2148 dispendio;
510 2096 567 2134 noo
583 2081 765 2135 advertentes
778 2096 878 2136 omnes
892 2081 1270 2138 traditionesecclesiasticas
1284 2100 1340 2138 noa
1351 2082 1549 2153 luisscubique
1560 2089 1723 2154 temporum
1732 2084 1894 2138 etlocorurn

194 2149 329 2204 easdem:
345 2165 379 2203 ac
393 2149 510 2218 proinde
525 2150 623 2205 omnia
637 2150 828 2212 contundunt,
844 2156 873 2206 et
885 2154 1060 2219 pessundant
1075 2170 1084 2218 ;
1100 2157 1128 2207 et
1140 2152 1169 2207 ln
1186 2154 1239 2208 hoc
1249 2170 1278 2209 se
1294 2155 1366 2210 belle
1379 2158 1478 2225 putant
1506 2155 1637 2211 Ecclesiae
1652 2154 1815 2210 auctoritati
1828 2170 1894 2209 coo·

194 2220 297 2287 solere,
312 2236 377 2274 cum
394 2236 457 2275 eam
470 2220 523 2276 hac
535 2222 647 2277 ratione
661 2222 802 2276 scribendi
821 2222 931 2291 penitus
947 2224 1120 2279 convellant.
1137 2226 1227 2279 Nemo
1243 2229 1286 2279 cst
1314 2226 1391 2281 enirn
1416 2227 1489 2281 adeo
1504 2228 1539 2282 ab
1560 2226 1638 2281 omni
1648 2226 1754 2297 judicio
1769 2241 1894 2289 aversus,

193 2290 241 2362 qui
254 2290 364 2346 nesciat
377 2291 508 2357 concilia,
524 2292 681 2362 episcopos,
697 2309 826 2347 summos
842 2294 998 2362 pontifices.
1012 2312 1082 2366 quos
1110 2297 1184 2351 Dens
1197 2295 1292 2365 posuit
1307 2297 1507 2369 mysteriorum
1539 2314 1655 2353 suorum
1671 2298 1892 2359 dispensatores,

194 2378 277 2433 possa
293 2366 389 2417 vetera
401 2364 535 2432 quadam
549 2364 697 2433 abrogare,
711 2368 740 2419 et
752 2368 967 2433 novastatuere,
981 2370 1073 2437 prout,
1090 2366 1310 2439 sanctiSpititus
1322 2368 1447 2438 impulsu
1460 2369 1547 2439 ducti,
1564 2368 1769 2431 ecclesiastica,
1779 2366 1892 2422 utilitati

194 2449 228 2488 ac
242 2431 374 2503 dignitati
387 2448 421 2489 ea
433 2434 591 2490 conducere
605 2433 790 2504 providerint.

230 2502 358 2559 Tandem
374 2503 445 2559 ritus
460 2505 684 2561 etcaeremonias
698 2505 844 2577 utriusque
859 2506 999 2573 Ecclesiae,
1033 2508 1182 2564 Latinaact
1209 2510 1325 2572 Graece.
1357 2510 1482 2566 studiose
1507 2509 1624 2566 interae
1654 2508 1771 2575 contuli,
1793 2507 1894 2579 inquo

194 2574 377 2631 convenirent
392 2591 425 2630 ac
439 2574 644 2647 discreparent,
660 2577 842 2648 quantumin
859 2578 980 2641 metuit,
995 2578 1158 2649 diligentius
1173 2581 1321 2638 annotavi.

229 2645 344 2717 Nequis
358 2650 454 2702 autem
468 2646 631 2703 offendatur
644 2649 721 2719 qnod
737 2648 856 2705 dixerim
873 2650 1212 2720 mundumplenumcsse
1239 2651 1531 2723 vagissacerdotibus,
1565 2651 1702 2722 profiteor
1733 2649 1822 2704 idme
1837 2665 1895 2704 non

194 2716 354 2789 intelligere
368 2717 403 2774 dc
417 2717 545 2773 honestis
559 2719 763 2785 sacerdotibus,
779 2719 826 2790 qul
841 2723 892 2774 aut
909 2723 1001 2777 certas
1016 2722 1098 2778 sedas
1112 2723 1220 2778 hahent
1247 2728 1297 2778 ant
1323 2722 1351 2778 in
1370 2723 1498 2779 licclesiis
1508 2728 1537 2779 et
1552 2721 1692 2794 parochiis
1705 2720 1895 2785 resident,sed

195 2786 230 2843 de
244 2788 287 2844 his
301 2789 441 2843 duntaxat
450 2789 498 2859 qui
511 2806 561 2859 per
572 2790 702 2846 civitates
713 2795 863 2862 vagantur,
877 2791 1052 2866 ἀπειρόκαλοι,
1067 2794 1227 2850 sacerdotio
1243 2811 1357 2864 prorsus
1368 2794 1486 2869 indigni.

230 2860 380 2916 Neminem
394 2859 481 2915 etiam
497 2860 601 2917 laedere
614 2863 699 2917 debet
712 2862 781 2917 illud
797 2862 871 2932 quod
888 2863 1024 2919 adnotavi
1037 2866 1238 2936 adquemdam
1256 2870 1392 2921 extremae
1405 2864 1547 2920 unctionis
1563 2864 1661 2928 ritum,
1676 2863 1705 2918 in
1721 2879 1788 2933 quo,
1804 2861 1895 2943 altero

194 2934 331 3001 ungente,
347 2930 420 2987 alter
431 2932 518 2986 verba
531 2933 707 3002 pronuntiat,
720 2950 785 2989 cum
802 2933 858 2988 diri
877 2933 931 2989 hoc
946 2935 1042 2991 favere
1060 2952 1161 2992 aarum
1176 2935 1302 3007 opinioni
1318 2936 1365 3005 qui
1378 2936 1477 2991 dicunt
1490 2936 1567 2991 huno
1579 2935 1673 2991 valere
1686 2933 1895 3005 baptismorum

195 3017 252 3057 uno
266 3000 437 3058 infundente
449 3019 566 3073 aquam.
583 3008 633 3059 aot
643 3008 800 3084 mergente,
812 3004 886 3060 alter
902 3007 989 3062 verba
1000 3006 1139 3078 proferat.
1165 3008 1229 3062 Non
1252 3007 1330 3063 enim
1349 3007 1403 3062 hoc
1415 3007 1479 3062 ideo
1501 3006 1616 3079 protuli,
1643 3005 1724 3077 quasi
1748 3005 1777 3060 io
1792 3020 1827 3060 aa
1840 3003 1894 3059 sim

97 3110 100 3115 «
195 3072 348 3138 sententia,
365 3090 451 3144 quam
462 3074 547 3145 vulgo
562 3075 705 3144 repudiari
718 3092 776 3131 non
788 3075 898 3201 ignoro.

232 3144 299 3199 Haec
309 3147 337 3200 te
353 3144 496 3200 monitum
510 3146 650 3212 volebam,
665 3147 788 3204 candide
811 3151 899 3203 ector.
914 3146 943 3203 Si
957 3148 1083 3219 quidest
1096 3148 1125 3204 in
1139 3149 1183 3204 bis
1198 3149 1269 3206 meis
1279 3148 1538 3205 lucubratiunculis
1550 3148 1627 3219 quod
1641 3146 1690 3201 tihi
1699 3145 1802 3218 sapiat,
1815 3149 1895 3200 utere

195 3211 339 3281 libenter;
356 3215 459 3287 siquid
474 3216 544 3273 amvi
558 3234 591 3274 ac
606 3218 727 3275 maculas
741 3218 890 3290 repereris,
904 3236 1000 3291 aquus
1015 3237 1048 3275 ac
1061 3221 1212 3277 benevolus
1231 3237 1343 3277 excusa.

456 3418 516 3486 DE
539 3418 673 3490 LIBRO
697 3422 1095 3495 SACRAMENTORUM
1118 3424 1295 3494 INSIGNE
1318 3421 1632 3523 TESTIMONIUM.

429 3560 478 3624 (lix
488 3560 557 3612 Patri
571 3562 704 3615 bambacii
719 3569 793 3617 tomo
807 3567 926 3619 secundo
940 3568 1108 3620 bibliothecas
1122 3569 1257 3625 Caesarem,
1268 3580 1326 3631 cap.
1341 3564 1506 3630 apagite,
1523 3576 1599 3612 uum.
1614 3562 1665 3624 14.)

230 3671 365 3731 Secundus
378 3692 414 3731 ou
452 3678 582 3735 atissimaa
598 3680 765 3738 bibliothece
776 3682 906 3741 Cesarea·
922 3684 1017 3742 Codes
1030 3685 1066 3739 od
1080 3684 1169 3740 vitum
1179 3690 1204 3739 el
1218 3698 1262 3738 rea
1274 3685 1360 3752 gestos
1385 3681 1511 3749 imperet.
1540 3677 1641 3737 Caroli
1650 3676 1746 3757 Magni
1756 3670 1894 3744 pertineas

194 3748 235 3801 est
248 3748 321 3801 inter
332 3763 398 3802 msa.
432 3749 521 3804 edices
537 3751 711 3822 Theologieos
725 3755 841 3811 Latinos
855 3755 917 3818 360,
934 3762 959 3809 et
970 3756 1092 3811 continet
1103 3758 1241 3826 praecipue
1255 3755 1349 3809 soracti
1363 3751 1492 3819 Gregorii
1505 3751 1597 3818 llnpm
1610 3747 1718 3831 popel
1724 3746 1827 3828 tetrum
1842 3747 1895 3828 βα·

193 3825 409 3874 crementorum.
429 3819 536 3876 Idcirco
550 3826 642 3877 autem
656 3824 718 3879 ciat
730 3839 791 3878 eun
801 3825 964 3882 codieemod
975 3827 1123 3881 instoriam
1137 3829 1200 3881 uitae
1206 3825 1303 3880 Coroti
1317 3824 1417 3889 Mopai
1424 3822 1645 3891 pertiaers.qaic
1665 3818 1708 3872 trec
1726 3817 1828 3898 estatio
1839 3832 1896 3887 apae
1967 3828 1973 3832 ·

194 3900 408 3957 quemsumnnu
420 3890 547 3960 pontifex
558 3891 700 3947 Adrianus
713 3894 733 3946 I
745 3895 846 3950 Gurolo
859 3897 967 3965 Mopso,
982 3896 1018 3950 od
1029 3897 1186 3962 petitionem
1197 3896 1295 3963 ipsiius,
1311 3893 1382 3948 dono
1397 3892 1480 3955 valed,
1494 3897 1524 3946 at
1537 3892 1629 3947 videre
1638 3896 1676 3944 est
1685 3906 1718 3943 ec
1731 3888 1847 3970 epistole
1860 3887 1896 3971 tt

193 3956 359 4013 collectionis
368 3958 550 4027 ardiolarum
560 3967 681 4018 aeterum
700 3964 792 4020 studio
806 3972 833 4021 et
843 3981 914 4021 curo
925 3968 1009 4031 insitos
1024 3966 1115 4020 Caroli
1127 3966 1227 4035 Mopsi
1237 3964 1382 4020 adornatae
1395 3982 1404 4025 ‚¹
1416 3965 1518 4032 quippe
1528 3962 1576 4015 uhi
1586 3977 1658 4031 popo
1669 3960 1809 4015 Adiounos
1819 3965 1896 4013 valvus

195 4026 301 4084 Codicis
313 4030 475 4084 mentionem
485 4031 558 4099 socii
577 4032 624 4087 bic
637 4033 730 4089 uerbis
749 4036 809 4091 :De
828 4037 1082 4093 sacramentarioa
1096 4041 1196 4091 sancto
1207 4037 1412 4106 praedecessore
1430 4038 1527 4088 nostro
1545 4031 1653 4087 lleilluo
1676 4028 1812 4101 Gregorio
1822 4045 1897 4154 yapa

195 4096 344 4169 disposito,
355 4100 530 4171 Jampridem
543 4103 647 4159 Paulus
661 4104 874 4163 Grammaticus
889 4124 906 4162 a
921 4107 1074 4162 nobiseum
1090 4124 1141 4177 pro
1157 4107 1235 4161 robis
1246 4104 1758 4176 petiit,etsoeundumsanctrenostrae
1767 4102 1820 4155 Ecc
1832 4116 1896 4155 esraa

97 4180 104 4195 “
194 4168 380 4225 traditionem
397 4187 446 4241 per
459 4173 599 4230 ioannem
612 4177 823 4232 monachumat
846 4194 880 4233 ue
893 4178 1026 4233 abbatem
1038 4178 1160 4233 civitatis
1177 4177 1386 4233 Ravennatium
1398 4180 1497 4231 vestrae
1506 4173 1748 4246 regaliemisimus
1759 4169 1897 4226 excellen-

194 4238 242 4295 tiae
257 4257 264 4305 ;
277 4245 419 4311 quatenos
432 4248 565 4313 optantes
578 4263 628 4315 pro
644 4252 739 4303 vestra
752 4249 844 4311 regala
859 4247 1047 4304 invictissima
1059 4249 1224 4304 excellentia
1241 4250 1374 4303 cuondam
1388 4246 1436 4301 [lei
1451 4246 1612 4317 apostolum
1638 4249 1895 4324 vestrumquc'pro-

194 4314 343 4375 tectorem,
361 4319 1323 4440 poscentesgumsumusulsemperubiqucvoscomitansvictores
1353 4333 1437 4388 super
1470 4333 1566 4372 omnes
1598 4317 1735 4395 barbaras
1765 4317 1896 4396 patrones

195 4381 311 4445 alliciat,
327 4387 423 4440 etuna
437 4402 502 4441 cum
534 4388 1185 4459 omnaspiritaliillianostraexcallentissima
1217 4390 1326 4459 regina,
1361 4393 1515 4457 vestraque
1548 4402 1687 4458 prosapiae
1707 4385 1897 4467 'nobilissima

194 4453 284 4535 prole,
299 4453 420 4526 longiori
433 4472 495 4512 mvo
510 4456 539 4512 in
550 4458 604 4514 hoc
616 4465 769 4531 regnantes
782 4463 901 4528 mundo,
917 4462 944 4516 in
961 4462 1049 4517 vitam
1065 4467 1202 4518 aeternam
1216 4478 1281 4517 cum
1295 4458 1540 4515 sanctisomnibus
1556 4472 1676 4526 regnare
1691 4472 1751 4510 stne
1767 4454 1824 4509 fine
1835 4470 1897 4526 eyus

193 4525 450 4582 interventionibus
466 4527 562 4583 faciat.
578 4530 754 4586 incolumem
771 4532 969 4587 excellentiam
998 4538 1123 4589 vestram
1140 4534 1235 4604 gratia
1262 4547 1387 4602 superna
1418 4528 1570 4584 custodiat.
1597 4528 1657 4582 Huc
1669 4542 1756 4597 aisque
1767 4525 1897 4581 clausula

194 4594 409 4667 epistotaepopae
419 4599 545 4654 Adriani
553 4599 577 4663 Ι,
590 4602 618 4656 in
629 4602 1002 4670 orrotitriSncromentorum
1011 4605 1236 4668 sonctiGreoorti
1247 4602 1346 4674 Magni
1361 4600 1396 4657 ad
1408 4600 1540 4657 Corolum
1552 4600 1689 4670 ideonum
1699 4596 1857 4653 transmissi
1864 4597 1896 4667 fit

196 4668 304 4723 mentio.
324 4667 437 4724 Titulus
448 4676 542 4725 nutem
555 4671 674 4742 ejusdem
691 4672 764 4730 iibri
778 4676 872 4746 inipso
887 4675 982 4732 Codice
992 4692 1045 4732 aas.
1061 4677 1103 4732 ito
1114 4691 1141 4731 aa
1157 4675 1259 4732 babet:

815 4790 1283 4846 rnuou1uanan

815 4877 1287 4936 rncvmr.umsn.sa

815 4965 1285 5025 cnauanroauu.na

813 5054 1287 5112 cvacua0.anucauo

810 5143 937 5200 smus
976 5145 1114 5202 asro
1147 5144 1282 5200 mmuo

806 5233 892 5289 nvo
931 5232 1054 5289 aava
1092 5231 1284 5289 annana

805 5319 1287 5378 mumm.axunumnm

810 5408 1290 5467 columnammmuma

775 5496 1286 5573 wcumanenscareros,
