4084 6202
214 1731 282 1773 rum
296 1720 438 1788 perpetua
449 1714 667 1787 supplicatione
680 1713 794 1769 muniri.
815 1714 876 1768 Per.

209 220 266 309 tu
829 214 1297 321 9999999999999999
1856 216 1915 287 tea

210 392 372 455 possumus
387 370 480 448 sequi,
494 365 810 430 999119999999119919
831 354 1075 439 contingamuad
1095 354 1231 433 14099
1242 375 1303 418 rans
1316 372 1483 418 99999999.
1501 386 1536 399 ··
1559 368 1670 413 919199
1699 371 1793 416 sanun
1815 371 1917 417 unua

211 466 331 526 affectu.
348 467 398 521 Per
408 463 569 521 Christum.
1435 462 1579 513 usarrms.

133 616 136 623 ,
247 554 780 615 99999999-9999999999999
789 550 902 607 meritis
915 562 969 605 vos
981 550 1036 604 99
1088 604 1092 611 ,
1126 537 1249 605 prosu,
1277 555 1463 615 quesumus,
1489 545 1677 619 omnipotens
1705 540 1790 606 nens,
1818 533 1917 609 utqui

212 645 311 705 minus
326 643 417 701 iaciat
429 642 572 710 benedict,
586 645 616 699 et
628 640 867 699 contreadversa
877 639 975 695 omnia
987 652 1036 693 eo·
1090 625 1169 684 bestii
1181 630 1294 687 Messflae
1307 632 1447 704 martyris
1464 632 1505 689 tui
1516 632 1649 691 natalitia
1672 630 1809 695 colimus,
1824 628 1914 684 iuter·

211 750 279 793 rum
294 733 507 789 intercessione
527 732 649 789 muniri.
665 733 771 788 Amen.
784 732 892 786 Eorum
907 726 1036 783 efficiant
1090 718 1223 773 9988ἱο119
1237 719 1832 787 91118ῑῦ1919091919991919909099991.
1846 718 1913 773 Pet·

212 821 354 894 sutfragia
367 820 478 886 felices,
492 837 618 894 quorum
629 813 1036 877 testivitetisdiencetebratis
1125 812 1219 884 Super
1230 816 1341 873 obtutu.
1363 849 1397 860 -
1414 820 1495 876 Beati
1510 823 1620 877 ilennae
1636 817 1776 891 martyris
1788 816 1842 882 tui,
1859 818 1917 872 Do·

213 917 347 969 ovantes,
365 912 472 969 Amen.
488 912 664 977 Quceorum
681 909 830 966 imitentes
845 903 1036 977 exempla‚ad
1091 902 1181 971 mine,
1209 904 1357 964 solemnia
1377 915 1575 975 recensentes,
1595 924 1770 981 quaesumus
1796 907 1916 978 atejus
2021 906 2022 909 ’

213 1001 344 1059 caelestia
356 1001 477 1074 possitis
490 1000 642 1074 pervenire
653 999 808 1074 promissa.
823 1000 927 1054 Amen.
951 991 1036 1061 Quod
1091 991 1202 1050 anxilio
1212 1000 1263 1051 tua
1270 995 1414 1055 beneficia
1424 997 1589 1070 capiamus,
1596 1014 1650 1070 pro
1661 1014 1723 1071 quo
1732 996 1786 1053 tibi
1798 997 1917 1053 Hostiae

212 1089 277 1165 ipse
293 1095 434 1163 presure
447 1090 592 1161 dignetur.
1090 1079 1187 1139 laudis
1202 1083 1367 1144 offerimus.
1388 1086 1454 1145 Per.

250 1179 298 1235 Ad
314 1172 1037 1249 demetendum.-Sanctorumomniumgloriosa
1126 1172 1175 1229 Ad
1188 1172 1405 1243 demetendum.
1420 1176 1584 1234 Benedictio
1601 1182 1662 1245 tua,
1681 1178 1768 1244 Deus,
1794 1174 1919 1249 impleat

214 1266 372 1337 confessio,
385 1269 472 1335 Deus,
487 1268 573 1340 139
587 1266 980 1337 tribuenebirnnnsnmus,
995 1263 1037 1326 ut,
1092 1259 1183 1316 corda
1195 1261 1336 1332 fidelium,
1351 1263 1487 1338 talesque
1496 1265 1636 1337 perficiat,
1652 1266 1702 1340 qni
1721 1270 1749 1322 et
1762 1270 1916 1337 martirum

215 1373 267 1432 per
280 1358 458 1416 hoecsancta
473 1374 542 1431 ques
557 1357 751 1431 sumpsimus,
774 1360 894 1413 tuorum
917 1348 1038 1409 admisti
1090 1347 1288 1408 honorificent
1302 1353 1648 1425 passiones.etremedia
1666 1355 1771 1413 salutis
1785 1359 1915 1422 9919999,

214 1447 356 1519 conciliis,
370 1446 775 1520 misericordiaetuadapibns
786 1445 962 1518 saginemur.
972 1440 1035 1497 Per.
1092 1437 1207 1495 eisdem
1223 1442 1489 1513 patrocinantibus,
1498 1451 1712 1518 assequantur.
1731 1444 1802 1503 Per.

248 1529 1038 1611 Alite·-D⁸‚(111ffl⁸ssmu³‚D⁰ffli⁰02fid⁶lib1¹⁸D⁰ltllll⁸
1116 1552 1210 1593 sonan
1222 1554 1277 1595 nra.
1295 1570 1330 1581 -
1345 1553 1482 1597 9999991
1497 1558 1590 1599 senon
1604 1559 1718 1599 999999
1738 1557 1918 1599 manasserus

214 1620 1038 1699 999999999919999999999999999119991919999199
1131 1638 1216 1700 neus,
1233 1637 1282 1710 qui
1302 1639 1451 1711 conspicis
1463 1640 1534 1713 quia
1553 1656 1588 1698 ,χ
1601 1640 1684 1698 „uua
1696 1645 1799 1698 nom-a
1812 1641 1920 1697 virtut„

1054 1707 1295 1791 Bsubsistimus,
1325 1728 1456 1785 concede
1481 1729 1628 1801 propitius
1656 1734 1687 1787 ut
1708 1730 1919 1786 intercessione

252 1805 329 1877 (498)
344 1804 479 1871 Quotuor
487 1804 699 1861 (insonaturum
707 1804 820 1859 nornine
829 1802 889 1858 loec
896 1805 979 1855 sunt:
990 1799 1039 1854 Se·

214 1904 309 1955 verus,
317 1890 505 1952 Seuerianus,
518 1889 729 1955 Victorinusaet
737 1888 954 1958 despondentes,
963 1882 1038 1954 (199)

214 1993 340 2051 quornm
356 1978 415 2035 dier
426 1979 595 2048 natotiaper
602 1979 749 2035 9999919999
765 1976 913 2041 nectentes
921 1974 1040 2030 minime

216 2056 474 2134 reperiendarum
487 2062 547 2119 ideo
559 2069 704 2119 statutum
715 2069 755 2118 est
763 2065 795 2117 ut
804 2063 836 2116 in
847 2076 945 2116 eorum
953 2058 1040 2115 99919·

215 2150 749 2224 999,19999999919999999919999,991
771 2150 898 2205 inmisso
916 2149 1041 2204 recitan-

222 2246 281 2306 tur,
289 2240 395 2296 nolitis
405 2241 578 2307 celebretur,
587 2247 619 2294 nt
635 2256 701 2295 cum
720 2239 784 2295 istis
804 2253 905 2295 eorem
925 2250 1040 2308 quoque

216 2329 356 2386 memorio
367 2329 478 2397 puriter
491 2328 554 2397 fiat.

217 2434 245 2473 rr
259 2433 320 2473 rnna
352 2417 516 2473 novaanats.
536 2447 568 2457 -
587 2433 698 2471 aurinis
721 2431 883 2472 9919999999
913 2429 1039 2479 curruca

523 2518 730 2558 conoaaronun.

251 2600 373 2667 Praesta,
386 2598 901 2671 qrraesumus,omnipotensltens,nt
914 2596 965 2668 qui
980 2595 1040 2666 glo

217 2687 313 2747 riosos
328 2693 486 2761 martyres,
502 2688 575 2761 (500)
587 2685 1039 2755 Claudium,Nicostratuml501)

219 2773 1039 2851 symphonianum,CastoriumatqueSimplicium,tortes

216 2866 247 2923 in
260 2880 315 2921 suo
330 2864 800 2937 contessionecognovimns,pios
811 2862 895 2937 apud
907 2866 936 2919 te
950 2862 1040 2919 1999

218 2959 280 3012 stra
295 2954 505 3011 intercessione
515 2953 688 3011 sentiamus.
709 2953 772 3010 Per.

1094 1812 1170 1885 beati
1185 1814 1298 1872 liertini
1310 1816 1490 1874 contessoris
1505 1818 1544 1874 tui
1557 1824 1647 1890 atque
1661 1817 1922 1890 pontificiacontra

1095 1902 1197 1959 omnia
1215 1903 1748 1965 adversemuniamureerboninum
1763 1914 1915 1963 nostrum.

1130 1999 1221 2070 Super
1232 2002 1335 2059 obluta
1360 2034 1395 2045 -
1409 2004 1490 2060 Beati
1499 2005 1615 2061 Martini
1632 2005 1921 2078 pontificis,quoesu-

1095 2105 1171 2156 mus,
1189 2089 1322 2160 Domine,
1334 2092 1421 2147 nobis
1437 2093 1486 2163 pia
1499 2109 1558 2149 nou
1579 2093 1654 2150 desit
1667 2096 1772 2160 oratio,
1793 2109 1862 2167 quae
1891 2098 1922 2149 et

1094 2184 1328 2236 muneranostra
1336 2181 1477 2243 conciliet.
1486 2187 1601 2238 ettuam
1613 2183 1698 2239 nobis
1706 2182 1921 2253 indulgentiam

1095 2282 1213 2340 semper
1229 2267 1368 2325 obtineat.
1388 2272 1441 2325 Per
1457 2272 1616 2327 Dominum
1632 2276 1779 2329 nostrum.

1132 2366 1284 2434 Proefutio.
1304 2368 1420 2424 -Vere
1435 2367 1557 2439 dignum
1568 2375 1596 2425 et
1607 2370 1715 2441 justum
1729 2375 1784 2435 est,
1798 2382 1921 2442 requam

1094 2453 1270 2519 etsalutare,
1282 2471 1337 2511 nos
1353 2456 1404 2512 tibt
1420 2458 1687 2530 semperetubique
1701 2457 1812 2532 gratias
1828 2472 1920 2527 egere

1094 2542 1213 2598 Domine
1226 2549 1338 2615 999919,
1356 2547 1439 2602 Pater
1455 2546 1657 2617 omnipotens,
1671 2553 1780 2604 aeterne
1808 2547 1886 2602 Deus
1909 2563 1917 2613 ;

1095 2631 1180 2701 cujus
1195 2631 1267 2704 (599)
1277 2649 1398 2689 munere
1412 2634 1519 2691 beatas
1530 2634 1919 2708 Martinuscontessorpari·

1095 2724 1138 2776 ter
1151 2726 1178 2775 et
1189 2721 1342 2789 sacerdos,
1362 2723 1555 2780 othonorum
1576 2740 1697 2796 operum
1725 2722 1920 2783 incrementis

1095 2809 1232 2874 excrevit,
1245 2817 1274 2865 ct
1290 2809 1379 2867 variis
1388 2811 1529 2868 virtutum
1544 2812 1631 2869 donis
1640 2813 1815 2879 exuberavit,
1829 2819 1857 2869 et
1870 2812 1922 2869 mi-

1093 2896 1204 2953 raculis
1214 2899 1401 2955 coruscavit:
1416 2900 1476 2972 qui,
1493 2901 1572 2971 quod
1594 2901 1693 2957 verbis
1705 2902 1816 2969 docuit,
1845 2917 1919 2973 ope·

1095 3000 1162 3041 rum
1175 2985 1532 3060 exhibitionecomplevit,
1546 2994 1575 3047 et
1589 2988 1770 3046 documento
1788 2988 1877 3045 simul
1892 2993 1924 3045 et

251 3053 343 3124 super
356 3050 463 3108 Μαῖα
475 3082 510 3092 ·“
530 3050 700 3107 Βθῦθᾶῑθῗίῡ
714 3054 775 3118 tm*
792 3049 928 3114 ⁰⁰mi⁰⁹¹
957 3048 1040 3117 larga
1059 3061 1230 3147 Ceremplo
1247 3076 1375 3132 subditis
1389 3077 1428 3132 ad
1441 3077 1567 3133 coelestia
1580 3078 1923 3152 regnapergendiduca·

215 3139 389 3203 descendat,
402 3155 471 3211 quas
485 3143 514 3195 el
532 3155 656 3195 munere
667 3143 781 3203 nostra,
810 3136 1040 3209 deprecantibus

216 3227 405 3293 9999991919,
422 3227 473 3283 tibi
482 3227 588 3283 reddat
598 3231 728 3298 accepte,
743 3224 1040 3283 etnobissacramen·

215 3321 277 3373 tum
286 3316 500 3388 redemptionis
511 3314 629 3371 efficiat.
641 3315 705 3372 Per.

251 3418 400 3488 Proefotio.
410 3448 446 3459 -
460 3417 532 3473 Vere
547 3417 672 3487 dignum
687 3419 832 3489 etjustum
843 3421 896 3485 est,
918 3433 1038 3490 equum

216 3511 245 3564 et
254 3507 392 3575 salutare,
409 3506 684 3578 nostibisemperet
698 3507 809 3579 ubique
823 3506 1039 3579 gratiasagere,

218 3596 344 3652 Domine
357 3600 468 3659 sancte,
490 3595 578 3652 Pater
594 3594 795 3667 omnipotens,
807 3600 916 3652 aeteme
941 3597 1015 3651 Deus
1032 3616 1038 3649 ε

217 3684 405 3742 celebrantes
413 3687 583 3740 sanctornm
594 3683 1041 3755 natalitiatioronatorumtquia

222 3774 291 3829 dnm
303 3772 344 3829 tui
359 3772 485 3829 nominis
502 3786 556 3844 per
581 3787 632 3828 eos
654 3772 780 3843 gloriam
803 3772 1040 3846 frequentamus,

216 3863 247 3919 in
262 3865 371 3918 nostrae
384 3860 451 3916 ttdei
464 3866 625 3930 augmento
641 3861 866 3917 succrescimsu.
888 3861 943 3917 Per
964 3860 1040 3916 Chri·

217 3956 312 4008 stum.

252 4047 301 4103 Ad
308 4046 533 4118 complendum.
546 4046 758 4103 -Coelestibus
771 4046 867 4103 retecti
879 4061 1042 4103 sacramen·

217 4136 255 4193 tia
271 4136 398 4205 gaudiis,
422 4134 620 4206 supplicante,
637 4134 771 4203 Domine,
788 4136 986 4209 deprecamur
999 4140 1039 4200 ut,

219 4241 349 4298 quornm
365 4222 530 4296 gloriamur
543 4222 710 4297 triumphis,
718 4229 907 4298 protegamur
915 4223 1038 4280 auxiliis.

217 4314 280 4372 Per.

270 4426 291 4466 V
302 4426 367 4467 IDUS
373 4424 546 4466 NOVEHBRIS.
563 4440 597 4450 ·-
611 4425 728 4468 uertite
742 4426 836 4467 SANCTI
851 4425 987 4467 ΤΗΙΟΒΟΒΙ

561 4516 708 4557 uanitate.

254 4597 343 4660 Deus,
359 4595 410 4669 qui
423 4608 479 4652 nos
494 4595 574 4653 beati
596 4597 741 4654 Tbeodori
760 4598 898 4670 martyris
921 4599 960 4654 tui
972 4612 1041 4652 con·

218 4685 1041 4760 sessionegloriosacircumdasetprolegis‚praestanobis

217 4775 282 4847 ejus
297 4774 460 4830 imitatione
483 4774 635 4844 prolicere,
661 4778 690 4829 et
704 4776 837 4832 oratione
850 4775 954 4830 fulciri.
976 4774 1039 4830 Per.

254 4871 457 4943 Superodlntu.
469 4902 504 4913 -
514 4871 647 4951 suscipe,
657 4871 789 4937 Domine,
797 4871 931 4928 fidelium
939 4887 1042 4943 preces

219 4975 288 5018 cum
303 4959 505 5017 oblationibus
515 4959 739 5028 Hostiarumet,
749 4960 1041 5017 intercedentebcalo

217 5048 372 5105 Theodoro
384 5055 516 5122 martyre
528 5054 588 5115 tuo,
600 5048 724 5122 perhaec
733 5049 963 5122 piaedevotionis
978 5047 1041 5105 offl-

218 5136 261 5194 cia
276 5137 315 5194 ad
327 5137 478 5194 eoelestem
488 5137 614 5210 gloriam
632 5141 832 5195 transeamus.
846 5139 912 5196 Per.

254 5235 303 5290 Act
315 5235 574 5307 0999199999.-
584 5236 692 5292 Praesta
705 5237 803 5301 nobis,
820 5237 1041 5308 Domineqnoe·

219 5339 334 5391 sumus,
350 5323 640 5381 intercedenlebeato
653 5323 1043 5396 Theodoromartyretuout

217 5429 286 5486 quae
300 5427 352 5470 ore
365 5411 550 5483 contigimus,
568 5427 643 5484 pura
665 5418 764 5469 mente
783 5412 950 5485 capiamus.
972 5413 1038 5468 Per.

252 5555 313 5609 sta
333 5554 438 5611 theod.
467 5552 556 5608 sancti
585 5552 692 5608 Martini
721 5553 818 5609 testum
846 5558 1042 5627 ponderante

215 5630 272 5683 net.
288 5626 376 5683 sancti
390 5625 510 5693 Menate,
525 5628 552 5681 et
574 5623 670 5699 vigilia
684 5626 800 5682 solemni
815 5628 995 5699 praevenitur.

1094 3167 1159 3219 tum
1185 3163 1319 3235 praebuit.
1342 3165 1424 3221 Unde
1444 3171 1520 3221 tuem
1533 3166 1721 3223 clementiam
1738 3168 1869 3239 petimus
1890 3170 1925 3222 ut

1095 3251 1169 3323 ejus,
1184 3252 1237 3323 qui
1253 3253 1305 3309 tibi
1319 3253 1439 3325 placuit,
1449 3255 1593 3326 exemplis
1606 3255 1645 3311 ad
1665 3254 1740 3313 bene
1765 3250 1923 3325 agendum

1094 3339 1297 3406 informemur,
1323 3341 1435 3397 meritis
1451 3343 1627 3411 muniamur,
1654 3342 1920 3401 intercessionibus

1095 3427 1283 3499 adjuvemur,
1298 3430 1423 3502 qualiter
1437 3432 1474 3488 ad
1486 3433 1603 3488 eoeleste
1614 3447 1750 3502 regnam,
1767 3430 1816 3487 iilo
1832 3432 1924 3488 inter-

1093 3518 1234 3584 veniente,
1261 3524 1288 3574 te
1312 3519 1484 3591 opitulante,
1496 3522 1650 3594 pervenire
1664 3535 1844 3576 mereamur.
1867 3520 1923 3576 Per

1095 3604 1254 3664 Christum.

1130 3703 1179 3759 Aa
1194 3703 1793 3774 Commodum-Tua,Domine,sancta
1806 3719 1925 3762 sumen·

1096 3792 1724 3867 tes‚suppticiterdeprecamur,utqnorum
1743 3810 1925 3853 veneramur

1095 3879 1324 3949 contessionem,
1337 3882 1476 3953 praesidia
1491 3882 1663 3940 sentiamus.
1679 3885 1743 3940 Per.

1132 3979 1226 4048 Super
1238 3981 1396 4050 poputum.
1421 4012 1454 4022 —
1477 3980 1603 4048 Exaudi,
1618 3980 1751 4044 Domine,
1772 3979 1924 4052 populum

1095 4069 1181 4122 tunm
1199 4073 1261 4124 tota
1287 4068 1336 4124 tibi
1359 4073 1455 4124 mente
1481 4068 1657 4139 subjeetum,
1672 4073 1701 4125 el
1715 4068 1791 4125 beati
1809 4070 1924 4126 Martini

1096 4155 1245 4227 pontilicis
1259 4155 1472 4229 supplicatione
1481 4156 1608 4227 custodi,
1618 4163 1658 4223 nt,
1667 4164 1823 4229 corporeet
1833 4157 1927 4215 corde

1095 4248 1255 4315 protectus,
1267 4245 1349 4316 qnod
1376 4246 1423 4317 pie
1443 4245 1534 4301 eredit
1556 4250 1684 4319 appetat,
1704 4251 1733 4302 et
1745 4245 1829 4320 quod
1842 4246 1926 4317 juste

1097 4337 1197 4404 sperat
1210 4331 1352 4388 obtineat.
1370 4333 1437 4389 Per.

1056 4423 1080 4482 D
1167 4436 1186 4476 x
1205 4436 1340 4477 9999919
1356 4437 1515 4478 nacanaars.
1537 4420 1596 4463 „u
1611 4434 1723 4478 arratis
1744 4439 1849 4478 sarcre

1407 4570 1411 4575 ,
1443 4524 1570 4567 cecina.

1133 4609 1219 4675 Deus,
1232 4606 1283 4679 qni
1303 4621 1358 4661 nos
1381 4622 1483 4664 annua
1510 4606 1606 4664 beatae
1633 4607 1754 4665 Caeciliae
1783 4607 1924 4680 martyris

1096 4700 1154 4751 tum
1166 4694 1350 4752 solemnitate
1367 4695 1450 4768 141
1469 4696 1609 4763 laetificas,
1630 4696 1710 4754 daut
1725 4713 1815 4768 quam
1835 4713 1926 4753 vene·

1095 4783 1315 4851 ramnrotlicio‚
1332 4784 1421 4841 etiam
1437 4784 1495 4857 piae
1512 4784 1747 4842 conversationis
1758 4800 1926 4857 sequamur

1096 4871 1246 4943 exemplo.
1265 4874 1327 4929 Per.
1455 4861 1456 4865 ¹

1131 4969 1224 5042 Super
1238 4970 1348 5027 obluta.
1363 5001 1399 5013 -
1412 4971 1594 5037 Haecliostia,
1610 4971 1738 5041 Domine,
1747 4969 1927 5045 placationis

1097 5063 1125 5114 et
1138 5058 1233 5115 laridis
1249 5075 1418 5130 urruesumus
1430 5065 1470 5129 ut,
1482 5059 1695 5116 interveniente
1708 5059 1797 5116 beata
1808 5058 1930 5117 Ceecilia

1096 5153 1223 5220 martyre
1240 5154 1299 5217 tua,
1326 5165 1381 5204 uns
1397 5153 1447 5204 tua
1463 5146 1672 5221 propitiatione
1685 5147 1793 5218 dignos
1806 5162 1929 5218 semper

1097 5234 1218 5292 elliciat.
1238 5237 1303 5292 Per.

1131 5328 1283 5396 Praefatio.
1299 5357 1334 5368 -
1349 5329 1420 5382 Vere
1435 5325 1560 5395 dignum
1574 5325 1727 5397 etjustum
1742 5331 1795 5392 est,
1809 5340 1930 5398 aequum

1098 5420 1126 5471 et
1140 5416 1280 5480 salutare,
1296 5432 1351 5473 nos
1358 5415 1406 5471 tibi
1420 5420 1573 5486 semperat
1584 5413 1926 5487 abiquegratiasagere,

1098 5555 1201 5685 bbtlix
1216 5556 1299 5633 priori
1310 5557 1415 5621 Theod.
1448 5558 1500 5613 hoc
1525 5555 1625 5613 festum
1654 5573 1716 5615 cuer
1743 5553 1928 5631 9ςί1199919-

1117 5644 1147 5685 re
1161 5646 1204 5688 ur.
