4136 6180
231 206 294 281 'tat

575 207 758 280 tranabat
781 217 830 279 tn
849 219 880 278 S.
902 212 1079 277 GREGORll
1099 212 1219 282 undar
1243 212 1442 278 tranantes
1464 210 1594 279 oraha.

1880 214 1935 281 908

237 344 1063 419 ὁαριιιαιιιιιοοιαιιιιιιιιριιαιοιιιιή,[ιιιι]ιιιιιιιιιιι·
1078 354 1102 411 Α
1154 345 1241 401 Vetus
1253 346 1365 401 blissale
1384 345 1512 401 divensis
1528 345 1667 407 Ecclesia,
1694 344 1808 400 anobis
1825 346 1886 416 jam
1900 361 1947 401 sn·

235 428 305 489 pont
314 433 381 488 qaia
394 417 521 482 aoncilii,
533 421 583 471 secl
592 419 650 484 ipsi
655 420 872 489 quipactuipes
879 420 956 487 finiat
967 434 1064 487 corpo·

236 493 277 559 ris
293 498 318 543 et
330 488 483 556 sunpoirn‘r
495 490 609 543 ιιοιιιιιιι
622 497 733 545 terrant
741 488 1062 559 repromissionisacci·

234 560 326 629 pient,
343 559 1063 644 cujusiatecincboantes.tanquamparcutilactc

234 629 1063 697 nutriunturetatelle.Atdehocritu,1mmittendiscilicet

235 701 264 757 in
280 700 398 757 calicem
413 700 638 767 lactisetmellis,
648 702 758 758 nullam
767 701 1061 759 mentioncminreni·

235 790 301 828 mus
316 771 1062 845 invetustislibellisliornanisErstatquideminvul-

234 842 1063 917 gatotlrdineltomanoBenedictiotactisetrnettisinSab·

238 920 306 971 bato
315 919 427 981 sancto,
435 914 827 982 sedeslrncalicemiacla,et
836 915 955 972 seorsim
962 932 1063 987 parru-

228 987 270 1043 *lis
286 990 425 1057 porrecta.
445 987 555 1042 lterum
571 986 693 1042 tortasse
707 987 838 1042 nonnulli
866 986 971 1042 saeculo
985 1002 1061 1041 nono

234 1057 1062 1130 utrumqueincalicecommiscebant,quodhuicqurestioni

1103 417 1212 487 >parius
1228 418 1387 481 laudatum,
1403 417 1500 472 relatis
1515 416 1629 473 Ordinis
1642 416 1764 472 Romani
1775 416 1819 471 bis
1835 417 1943 472 serbis:

1117 488 1302 544 illudentem
1314 489 1494 559 deparrnrlis
1508 489 1717 557 procidendum
1733 494 1785 550 est,
1803 494 1848 553 at,
1869 495 1945 555 post·

1116 575 1200 629 quarn
1220 561 1360 630 baptizoti
1369 560 1494 630 fuerint,
1510 560 1621 615 nattum
1631 558 1718 613 cibum
1731 560 1878 629 accipiant,
1893 574 1945 615 nec

1118 631 1310 701 allactentur,
1323 640 1482 702 antequam
1497 631 1715 686 communicent
1725 630 1839 685 Christi
1845 645 1943 685 sacro·

1117 702 1222 756 mentis
1236 719 1245 768 ,·
1257 708 1285 758 et
1300 704 1435 757 omnibns
1460 702 1562 758 dietus
1581 703 1754 771 septimanae
1772 702 1892 758 Pasclra
1909 701 1945 755 od

1117 770 1943 847 Missasproredatnr,etclimatoremipsis,·bis,inquam,

1118 841 1225 913 relatis,
1241 843 1346 899 ibidem
1360 844 1508 902 subditur:
1527 842 1564 899 Et
1579 842 1684 899 sitalco
1698 844 1755 897 sint
1768 848 1802 897 at
1821 845 1945 899 scienter

1115 916 1387 986 permitterentne,
1395 916 1573 971 anctoritate
1585 930 1728 970 canonum
1744 915 1944 969 commeruimu-

1117 986 1168 1042 dos
1181 1002 1333 1043 censemus.
1346 987 1489 1058 Alioquin
1503 987 1562 1042 solo
1572 982 1677 1041 liaustu
1688 984 1822 1040 dominici
1830 986 1943 1055 mnqui·

1117 1056 1162 1112 nis
1172 1064 1239 1113 sarit
1254 1058 1486 1114 communicandi
1501 1057 1645 1113 Similiter
1659 1063 1686 1113 ct
1699 1057 1829 1111 inmorte
1843 1072 1943 1112 coram

1116 1128 1347 1197 asbelitarum
1363 1129 1537 1183 luculentam
1553 1128 1640 1183 babes
1666 1125 1876 1183 communionis
1889 1127 1943 1182 snb

1117 1198 1200 1254 unica
1213 1200 1359 1271 sanguinis
1374 1200 1466 1271 specie
1487 1198 1648 1323 exemplum
1666 1216 1673 1264 ;
1687 1214 1751 1269 quae
1764 1198 1880 1254 aliunde
1892 1198 1944 1253 eli·

1116 1287 1163 1324 am
1179 1272 1326 1343 probatur,
1341 1269 1513 1327 testimoniis
1528 1270 1566 1326 sci
1579 1270 1635 1326 icet
1650 1266 1793 1342 Cypriani,
1815 1269 1943 1343 lingonis

1116 1340 1253 1397 Victorini
1264 1348 1293 1398 et
1306 1342 1439 1398 aliorum.

1149 1413 1275 1468 loannes
1298 1410 1450 1477 Diaconos,
1472 1412 1501 1466 in
1523 1411 1705 1485 praelaudata
1730 1411 1765 1465 ad
1791 1411 1941 1467 Senarium

1115 1482 1245 1554 epistola,
1281 1485 1369 1540 allum
1399 1483 1517 1540 sabbati
1532 1483 1624 1537 sancti
1651 1482 1739 1537 ritum
1765 1481 1941 1553 singularem

236 1562 451 1614 asacronrento
463 1557 610 1612 Dominict
619 1559 745 1628 corporis
760 1559 947 1628 etsanquinis
958 1556 1061 1611 distin-
1114 1556 1248 1627 suggerit,
1264 1572 1369 1628 nempe
1384 1560 1492 1681 septem
1508 1554 1612 1608 altaria
1628 1553 1657 1607 in
1671 1554 1740 1608 urbe
1755 1554 1848 1609 Roma
1872 1554 1941 1609 Sab-

235 1633 380 1699 quantnr.
1115 1624 1180 1681 bate
1197 1626 1408 1683 Pascbaemorls
1428 1624 1747 1696 uisseceletrrotiatque
1762 1624 1940 1693 componi,td

271 1698 366 1754 hlium
382 1698 512 1771 ejusdem
529 1697 584 1753 diei
598 1697 687 1753 ritum
719 1715 799 1753 arum
816 1697 984 1752 dissimilem
1000 1714 1061 1752 car·
1078 1701 1157 1779 Best
1172 1699 1279 1753 ornari.
1296 1701 1356 1764 Quo
1372 1714 1457 1753 censu
1469 1703 1688 1753 sacrosanctam
1700 1698 1792 1751 altare
1806 1696 1853 1778 [ar]
1867 1712 1941 1752 coar·

235 1716 1060 1842 penantaraeeineterenteAEneotfntsiensiepiscopoque·
1112 1769 1237 1839 positum
1258 1774 1340 1826 vocat
1355 1769 1521 1825 Ambrosius
1544 1767 1572 1822 ln
1601 1766 1653 1823 lib.
1680 1767 1715 1821 de
1730 1767 1876 1839 hystoriis,
1895 1783 1941 1821 aa·

237 1856 394 1912 reoqnnm
408 1841 496 1896 sirnut
511 1857 576 1897 curn
593 1857 714 1909 corpore
731 1841 843 1898 Christi
857 1857 945 1909 snper
964 1843 1060 1898 altare
1113 1839 1171 1911 pite
1183 1840 1199 1894 8
1211 1856 1291 1899 norae
1306 1840 1454 1904 ltditionis,
1470 1855 1549 1894 num.
1562 1837 1765 1907 433apparari
1774 1838 1942 1894 solemniter

254 1921 375 1969 canent
390 1911 483 1967 Latini
496 1919 522 1968 et
543 1928 624 1969 mare
643 1913 813 1969 iudeorum
836 1910 987 1981 offerrent.
1004 1912 1058 1967 Sed
1114 1911 1227 1967 altario
1254 1911 1295 1968 ait
1318 1913 1447 1983 Optatus,
1476 1911 1505 1966 in
1520 1910 1568 1964 lib.
1582 1926 1612 1965 m
1627 1913 1656 1964 et
1669 1927 1696 1963 rr
1710 1908 1782 1974 Quid
1798 1908 1851 1963 sibi
1873 1908 1943 1965 velit

281 1984 375 2055 cagni
391 1982 555 2039 Benedictio
572 1983 692 2039 seorsim
707 1984 803 2050 fiebat,
830 1988 861 2038 ut
883 1999 917 2038 ex
942 1981 1058 2054 vulgato
1114 1983 1255 2063 ejusmodi
1284 1983 1364 2049 ritus,
1391 1984 1516 2038 loannes
1545 1980 1650 2036 latetur
1678 1979 1730 2035 sibi
1752 1980 1940 2051 penitusnon

236 2055 344 2110 Ordine
355 2055 486 2110 Romano
509 2054 689 2127 intelligitur,
704 2071 762 2110 non
790 2056 890 2110 utDeo
907 2054 1059 2126 agnusille
1114 2053 1229 2124 liquere.
1259 2053 1317 2111 Sed
1343 2053 1441 2109 mirari
1481 2052 1566 2116 subit,
1593 2048 1688 2107 nullus
1719 2050 1836 2177 hugusce
1870 2050 1941 2106 ritus

235 2126 395 2192 offerretur,
411 2127 461 2181 sed
477 2127 649 2181 utcarnium
664 2126 725 2196 ejus
739 2143 804 2182 cum
820 2125 949 2181 Ecclesiae
973 2126 1059 2181 Rene-
1113 2125 1276 2196 vestigium,
1293 2128 1369 2198 quod
1384 2125 1500 2197 quidem
1514 2122 1613 2189 sciam,
1630 2123 1707 2193 apud
1722 2121 1747 2177 al
1761 2138 1792 2177 os
1809 2127 1941 2178 auctores

235 2196 360 2253 dictiorm
369 2201 573 2252 resumeretur.
588 2197 669 2252 Unde
690 2201 719 2252 et
742 2196 864 2252 aliarum
888 2196 975 2251 etiam
999 2212 1059 2252 car·
1113 2195 1222 2262 haberi,
1237 2198 1342 2253 nedum
1358 2195 1501 2252 inlibellis
1511 2194 1623 2250 Ordinis
1633 2194 1766 2248 Romani.

235 2268 316 2324 nium
332 2266 493 2323 Benedictio
509 2267 538 2321 in
548 2267 646 2322 eodem
661 2267 733 2323 libro
746 2267 877 2323 habetur.
1149 2270 1244 2339 Neque
1257 2268 1487 2340 praetereundum
1501 2266 1555 2321 boc
1580 2264 1643 2320 loeo
1659 2272 1710 2329 est,
1739 2280 1795 2337 qno
1809 2264 1840 2318 in
1856 2280 1938 2319 cereo

271 2346 336 2394 Post
348 2338 466 2393 Missam
482 2339 617 2408 vesperas
631 2337 804 2393 omittebant
823 2336 956 2401 Romani,
972 2354 1059 2420 prop·
1114 2338 1245 2393 Pascbali
1258 2356 1352 2395 annus
1367 2338 1520 2394 dominicae
1542 2336 1682 2408 passionis
1703 2336 1778 2406 apud
1793 2336 1941 2391 Romanos

235 2413 316 2465 terea
326 2409 404 2480 quod
419 2408 490 2463 ritus
505 2408 640 2479 baptismi
655 2414 683 2463 et
699 2410 791 2465 Missae
805 2410 1003 2480 subsequentis
1029 2426 1058 2464 ιιι
1113 2410 1223 2465 solebat
1237 2410 1361 2466 inscribi.
1375 2410 1407 2465 ld
1422 2410 1498 2465 enim
1510 2413 1652 2464 testentur
1663 2412 1772 2463 veteres
1780 2423 1838 2462 non
1847 2407 1938 2477 pauci,

235 2480 359 2535 multam
369 2483 483 2535 noctem
491 2480 737 2550 protraherentur.
752 2481 868 2538 Undein
882 2480 996 2551 vulgato
1007 2483 1057 2536 Or·
1113 2480 1227 2537 tametsi
1239 2482 1309 2537 nibil
1325 2483 1379 2537 hac
1392 2483 1426 2536 de
1442 2498 1472 2537 re
1498 2480 1526 2535 in
1554 2479 1659 2534 nostris
1679 2478 1782 2534 libellis
1800 2479 1941 2534 habeatur

236 2551 303 2607 dine
314 2553 463 2607 Romano:
483 2553 518 2606 ln
534 2553 589 2608 troc
598 2559 683 2608 nocte
697 2554 733 2609 de
746 2553 936 2622 vespertinali
946 2552 1059 2621 spnaai
1113 2550 1939 2623 Ejusmodiinscriptioappendebaturiatabellaadeereum

234 2624 316 2692 opud
328 2622 558 2679 Romanosnibil
572 2624 683 2692 aqitur,
695 2640 786 2694 neque
797 2624 1058 2691 anteMissarn‚ne-
1113 2625 1288 2693 paschalem,
1297 2624 1387 2695 inqua
1395 2621 1941 2693 precentorinscribebatqnotusonnes

235 2709 292 2766 que
304 2701 367 2761 post
381 2695 513 2750 Missam.
529 2695 674 2763 Apadnas
689 2700 787 2751 autent
803 2710 879 2750 unns
893 2694 1055 2759 desaltato,
1112 2701 1179 2750 essct
1193 2694 1578 2759 donrinictetricarnationis,
1593 2692 1810 2775 quotaindictia,
1824 2708 1940 2747 concar-

234 2766 284 2823 cui
292 2768 409 2836 jussum
421 2767 524 2833 l'uerit,
538 2767 765 2833 proaertiptrona
775 2765 877 2829 esctun
887 2764 1058 2821 Alleluiaad
1112 2762 1939 2838 rens,etepacta,apudUdalricum,rnConsuetudinemClu·

240 2839 405 2907 Vesperunr.
429 2837 707 2891 Exbocloconemo
729 2853 787 2891 non
813 2835 1057 2905 ridetinterpola·
1112 2838 1353 2894 niacensiumlib.
1386 2853 1405 2903 1,
1421 2854 1484 2908 cap.
1501 2836 1545 2889 ld.
1561 2837 1657 2906 lisque
1683 2834 1813 2889 hieritus
1840 2849 1940 2890 recen·

233 2907 530 2977 tumesserulgatnm
546 2907 684 2961 Ordinem
699 2907 872 2973 Romanum,
895 2907 942 2960 ubi
956 2905 1058 2977 legitur
1111 2907 1393 2978 tiornmtempornm
1421 2907 1580 2962 censendus
1598 2913 1649 2972 est,
1681 2905 1821 2976 siqnidem
1846 2905 1941 2959 lene

233 2980 314 3047 Apud
331 2995 383 3034 nris
399 2989 507 3034 aaran.
522 2983 574 3032 etc.
592 2978 697 3032 Verum
723 2994 781 3032 non
807 2977 900 3031 solum
914 2976 944 3031 in
960 2977 1057 3048 vigilia
1112 2979 1209 3033 rabilis
1224 2981 1298 3035 Beda
1313 2979 1342 3035 in
1358 2979 1406 3034 lib.
1419 2981 1454 3034 de
1466 2986 1629 3049 temporum
1645 2979 1774 3039 Ratione,
1785 2975 1878 3046 capite
1892 2976 1939 3041 lb,

233 3050 358 3115 Paschae,
388 3050 437 3103 sed
473 3047 558 3102 etiam
583 3048 612 3101 in
640 3048 726 3103 biduo
761 3049 936 3118 praecedente
959 3050 1149 3134 cursusceir
1166 3051 1365 3105 Romanamel
1380 3049 1566 3132 apostolicam
1581 3047 1733 3103 Ecclesiam
1750 3047 1849 3101 testari
1862 3047 1941 3101 indi-

234 3119 327 3175 diurni
350 3118 437 3173 oflicii
453 3119 563 3187 publice
576 3135 632 3173 non
661 3120 856 3175 recitabantur
880 3118 909 3172 in
934 3119 1057 3175 Ecclesia
1112 3121 1198 3185 culis,
1220 3137 1294 3193 quos
1308 3126 1368 3177 suis
1393 3138 1424 3176 ιιι
1436 3121 1521 3176 cereis
1536 3122 1694 3177 arinuatini
1707 3119 1835 3174 scribere
1848 3119 1936 3182 solet,

234 3194 376 3251 Romana,
391 3194 422 3244 ut
433 3206 468 3244 cx
482 3188 584 3244 libellis
599 3190 703 3244 nostris
714 3190 901 3244 manifestum
915 3193 966 3244 est.
1112 3198 1225 3259 terrenus
1240 3193 1393 3249 dominica
1408 3192 1568 3255 Passionis,
1589 3206 1703 3261 nempe,
1716 3204 1868 3245 namermn
1884 3204 1941 3244 an·

269 3262 343 3316 lllnd
356 3262 411 3316 boc
425 3260 487 3315 loco
500 3262 694 3316 revocandum
709 3262 784 3331 quod
798 3260 926 3331 superius
942 3260 977 3316 de
990 3261 1056 3331 bap
1111 3278 1218 3319 aarum
1232 3265 1503 3334 triqintascnrperet
1512 3262 1606 3317 tribus
1615 3260 1845 3317 antrisrninorern
1854 3276 1939 3342 quam

233 3335 320 3389 tisrno
336 3331 534 3403 premisimus,
547 3330 1056 3388 excaeremonialiBenedicticanoni·
1111 3334 1149 3389 ab
1171 3337 1232 3404 ejas
1258 3336 1465 3392 [incarnatione
1489 3333 1643 3404 ntonqsr'ns
1670 3340 1768 3402 ponat.
1794 3331 1937 3402 Denique,

233 3406 259 3461 ci
286 3404 378 3460 saneti
393 3403 479 3460 Petri.
501 3407 609 3474 Nempe
637 3418 643 3458 ε
666 3423 681 3455 <r
700 3401 855 3473 Completis
877 3403 1054 3469 lectionibus,
1111 3405 1213 3475 inquit,
1224 3423 1300 3463 antro
1310 3406 1345 3462 al
1360 3409 1423 3475 ejus
1439 3404 1644 3461 incarnatione
1650 3406 1744 3474 jnata
1755 3403 1937 3472 Diorzpsiurn,

233 3478 373 3548 pontil'cx,
390 3476 430 3529 uti
445 3474 580 3539 diximus,
595 3475 786 3530 descendebat
798 3476 835 3530 ad
853 3474 962 3529 iontem
990 3490 1054 3529 cum
1110 3479 1359 3546 septtnqootestmo
1377 3477 1474 3545 priora
1493 3476 1648 3531 indictione
1671 3482 1779 3546 quarta
1811 3472 1937 3536 damma,

232 3545 1056 3616 diaconisetsubdiaconisregionariis,duminterimlita·
1109 3548 1218 3617 tratres
1246 3548 1349 3614 nostri,
1373 3547 1509 3619 quitunc
1532 3549 1619 3617 suere
1642 3546 1746 3610 Rostra,
1774 3543 1830 3600 troc
1848 3544 1939 3600 inodo

231 3617 650 3682 niscantaretur,etPsalmus
670 3617 748 3672 Sicut
774 3633 874 3673 ceruus
902 3633 990 3687 usque
1019 3618 1056 3672 ad
1109 3618 1140 3674 in
1154 3619 1258 3676 Natali
1273 3618 1388 3675 Domini
1398 3620 1427 3673 in
1442 3617 1532 3675 cereis
1547 3623 1655 3673 sancta
1674 3614 1938 3684 Mariascriptnm

230 3691 371 3762 porticum
386 3688 478 3745 sancti
493 3688 633 3753 Venantii,
655 3689 701 3743 ubi
718 3688 845 3758 pontifex
860 3687 1000 3758 tantisper
1013 3704 1055 3743 se·
1109 3690 1217 3746 vidisse
1233 3691 1335 3746 atinde
1349 3688 1537 3757 descripsisse
1551 3688 1711 3757 referebant
1724 3704 1731 3742 :
1749 3688 1772 3741 A
1799 3685 1939 3743 Passione

230 3763 325 3817 debat.
340 3760 378 3886 [ἕ]
394 3761 511 3815 luterim
526 3760 697 3825 cardinales,
710 3760 758 3829 qui
784 3759 812 3813 in
838 3758 924 3812 choro
940 3760 1056 3814 batera-
1110 3759 1227 3817 Domini
1246 3762 1340 3817 nostri
1352 3761 1421 3819 lesu
1437 3758 1600 3816 Christiani
1623 3764 1689 3813 suut
1718 3774 1750 3813 nc
1777 3773 1873 3813 irrui.
1896 3760 1938 3812 lix

232 3832 330 3889 nensis
364 3831 865 3900 asilicaereinanserant,esibaatper
879 3830 1054 3901 posterulam
1130 3849 1165 3886 uo
1189 3831 1358 3904 intelligitur
1390 3832 1433 3887 rel
1460 3831 1536 3886 bane
1550 3829 1764 3900 inscriptionem
1779 3827 1809 3883 in
1837 3827 1936 3883 Natali

233 3907 296 3977 post
309 3903 445 3970 absidem,
463 3907 491 3957 et
502 3919 551 3972 per
566 3902 707 3972 porticum
720 3901 810 3956 sancti
825 3900 943 3955 loannis
953 3900 980 3955 in
992 3916 1054 3955 ora·
1109 3849 1223 3958 ilomini
1237 3904 1397 3974 appositam
1422 3902 1509 3958 luisse
1535 3904 1572 3957 ad
1597 3900 1807 3972 designandum
1826 3914 1938 3954 narum

230 3974 440 4031 toriumsancti
462 3973 594 4029 Venantii
618 3973 820 4044 procedebant.
845 3973 933 4033 Tunc,
962 3972 1052 4026 archi·
1109 3989 1228 4037 annum,
1265 3990 1330 4030 uem
1347 3974 1469 4028 Romani
1485 3975 1521 4028 ab
1533 3973 1595 4045 ipso
1610 3971 1657 4027 die
1676 3970 1939 4029 inchoabant:rel

231 4045 629 4127 diaconoprrecipiente,duo
648 4044 818 4109 cardinales,
845 4043 970 4113 priorem
994 4061 1054 4098 car·
1108 4044 1229 4110 certe,si
1275 4063 1316 4101 aec
1342 4045 1487 4116 inscriptio
1516 4044 1545 4099 in
1573 4044 1709 4099 Pascbate
1731 4041 1936 4109 adhibebatur,

231 4119 371 4175 dinatium
387 4120 514 4172 medinm
529 4117 675 4179 babentes,
691 4116 811 4170 adibant
827 4116 862 4169 ad
874 4114 1051 4195 pontificem,
1109 4133 1172 4171 eam
1187 4133 1275 4197 usqne
1288 4117 1324 4171 ad
1337 4115 1438 4172 Natale
1454 4114 1568 4170 Domini
1584 4114 1671 4171 luisse
1684 4120 1871 4171 reservatum.

230 4189 293 4244 aliis
325 4188 518 4243 cardinalibus
548 4187 794 4257 subsequentibus.
834 4185 926 4239 Priori
956 4192 1053 4241 aulem
1143 4189 1205 4243 Non
1228 4205 1420 4242 immoramur
1444 4186 1598 4258 probandas
1613 4185 1772 4257 antiquitati
1798 4184 1938 4240 ccreibe·

229 4260 418 4315 cardinalium
444 4263 488 4312 ter
512 4257 610 4337 petita,
634 4259 775 4327 tertioque
796 4262 911 4326 accepta
937 4258 1053 4313 nomine
1108 4260 1258 4315 nedrcendi
1282 4259 1311 4314 in
1335 4260 1459 4314 Sabbata
1483 4256 1612 4321 Pascha,
1638 4258 1775 4327 adquam
1796 4256 1939 4311 demons-

231 4326 1053 4397 omniumltenedietrone,pontit'exdicebut:Itetrapti·
1108 4333 1241 4385 trandam
1271 4347 1419 4401 perperam
1446 4327 1722 4384 anerturrrnaenni
1746 4327 1873 4397 hymnus
1896 4327 1940 4381 ad

228 4408 293 4457 tate
307 4415 405 4456 ornnes
418 4406 516 4467 pentes
531 4399 562 4450 in
578 4399 695 4453 trornine
717 4398 814 4451 Patris
829 4405 855 4451 et
873 4397 942 4451 Filii
957 4404 980 4452 et
992 4401 1052 4468 Spi-
1070 4436 1090 4493 D
1107 4403 1255 4457 incensant
1273 4404 1408 4465 lucerna,
1441 4417 1504 4456 uem
1519 4415 1576 4454 non
1593 4400 1627 4454 de
1642 4415 1725 4454 ceroo
1740 4396 1876 4469 paschali,
1886 4398 1937 4451 sed

229 4470 502 4533 interminatione
519 4467 1052 4539 missioneaccepta.cardinalesequis
1107 4472 1141 4526 de
1164 4490 1245 4528 cereo
1274 4473 1322 4543 iqui
1342 4419 1458 4543 singuiis
1485 4470 1585 4526 diebus
1614 4469 1642 4525 in
1675 4468 1793 4526 ecclesia
1808 4467 1938 4523 solemni

229 4542 394 4597 incedentes
409 4542 446 4595 ad
460 4555 525 4594 suos
535 4538 632 4593 titulos
642 4540 867 4601 revertebantur,
879 4540 921 4593 sui
955 4541 1052 4610 uisque
1127 4545 1230 4598 nodam
1246 4544 1301 4598 ritu
1315 4545 1532 4610 accendebatur,
1545 4540 1791 4622 interpretandum
1807 4544 1934 4595 constat.

229 4613 302 4668 tituli
331 4613 463 4683 parrulos
488 4608 777 4690 baptizaturhhddit
805 4610 912 4680 primus
933 4557 1052 4667 (iibellus
1106 4560 1194 4668 gorra
1219 4622 1296 4670 certa
1310 4624 1352 4670 est
1364 4615 1393 4670 in
1408 4615 1505 4686 primis
1521 4611 1760 4669 Ennodridraconi
1775 4611 1936 4667 Ticinencis

230 4684 345 4741 Ordinis
358 4682 488 4748 Romani,
505 4698 585 4736 num.
600 4682 627 4748 3,
653 4683 698 4736 dre
714 4680 838 4750 Paschae,
859 4681 985 4753 pontilici
1015 4684 1052 4738 ad
1106 4683 1160 4739 bac
1175 4686 1209 4740 de
1233 4702 1263 4741 re
1278 4686 1442 4753 auctoritas,
1464 4685 1509 4756 qui
1534 4684 1676 4755 duplicem
1692 4682 1765 4739 cerei
1788 4683 1935 4754 paschalis

228 4760 359 4811 sanctam
374 4755 494 4810 Mariam
509 4754 646 4824 blojoram
663 4752 827 4822 procedenti
846 4752 991 4808 notarium
1009 4771 1051 4809 re·
1106 4754 1338 4812 Benedictionem
1363 4755 1532 4827 composuit.
1558 4758 1622 4812 Non
1652 4758 1748 4810 tamea
1765 4755 1870 4825 nbiqne
1888 4770 1936 4809 re·

227 4824 388 4897 gionariurn
402 4824 558 4881 occurrisse
573 4826 609 4879 ad
624 4823 793 4889 blerolanas,
819 4828 856 4889 et,
873 4824 966 4879 saluto
982 4842 1050 4895 pon·
1105 4832 1186 4897 cepta
1202 4835 1261 4882 erat
1273 4828 1416 4901 eJusmodi
1433 4827 1606 4895 Benedictio,
1623 4831 1738 4898 atpatet
1751 4841 1785 4880 ex
1810 4825 1935 4880 concilia

228 4896 312 4956 tiliae.
330 4898 451 4953 dixisse:
463 4898 499 4951 In
514 4899 632 4952 cicaniae
646 4896 760 4952 domini
773 4896 867 4951 nostri
880 4895 947 4952 Jesn
964 4897 1050 4955 Cirri-
1104 4897 1239 4953 Toletano
1252 4908 1364 4970 quarto,
1374 4900 1454 4971 cujus
1469 4899 1531 4954 brae
1545 4898 1631 4954 rerba
1641 4905 1707 4953 sunt
1721 4896 1750 4952 in
1763 4912 1875 4951 canone
1890 4895 1909 4949 a
1925 4914 1933 4952 ε

158 5010 162 5015 .
227 4968 405 5038 titaptiaati
419 4974 488 5024 sunt
504 4966 773 5023 lrestcrnanoclein
787 4975 891 5024 sancta
905 4968 958 5024 Dei
970 4968 1051 5024 Geni·
1104 4970 1276 5024 Lucernoct
1291 4986 1391 5027 cereus
1414 4972 1445 5025 in
1459 4970 1617 5052 prioitepiis
1640 4968 1759 5025 Paschae
1773 4967 1855 5034 spreti
1870 4964 1935 5041 [cn]

228 5040 303 5097 trice
316 5040 416 5096 Maria
428 5040 562 5108 infantes
575 5039 700 5095 masculi
713 5054 833 5094 numero
859 5041 943 5104 tanti,
958 5047 984 5095 et
1006 5041 1049 5109 se·
1103 5040 1245 5165 guardam
1255 5041 1399 5097 Ecclesiae
1406 5057 1461 5097 non
1469 5040 1676 5097 beriedtenntnr
1684 5052 1697 5109 ,·
1707 5045 1737 5096 ct
1751 5054 1806 5094 car
1817 5054 1837 5094 a
1848 5038 1935 5093 iratis

227 5111 476 5168 miaretantre.hd
503 5112 635 5165 urererba
648 5110 775 5181 pontifex
790 5111 979 5178 respondebat
991 5114 1048 5167 Dea
1121 5112 1313 5167 eradicantur
1332 5113 1496 5183 inquirunt.
1527 5110 1823 5181 Propter-planorum
1853 5112 1933 5163 enirn

226 5184 372 5254 pretias.»
388 5182 474 5238 Porro
483 5128 596 5237 diaconi
611 5181 754 5252 baptisma
763 5180 950 5235 conserebant
960 5181 1047 5236 etiam
1102 5191 1192 5238 tractis
1206 5184 1297 5251 ipsius
1307 5188 1522 5239 sacramentnm
1533 5182 1695 5237 solemniter
1706 5182 1768 5237 bare
1792 5178 1924 5236 benedici

246 5260 367 5309 censente
380 5253 521 5325 pontifice,
538 5251 929 5325 adjuvantibussubdiaconis
942 5257 969 5307 et
983 5269 1046 5307 aco·
1102 5269 1174 5317 mers,
1190 5261 1221 5309 nt
1248 5269 1340 5309 sacra
1368 5254 1589 5310 resurrectionis
1613 5252 1729 5310 Christi
1747 5268 1773 5305 ιιι
1797 5252 1933 5316 steritem,

224 5270 320 5397 litbis,
333 5330 365 5381 ut
379 5327 409 5380 in
421 5325 526 5380 nostris
544 5324 646 5378 libellis
661 5324 791 5387 babetur,
808 5323 972 5377 maximein
991 5323 1046 5393 pri·
1101 5326 1179 5393 qnod
1206 5332 1337 5395 ternpore
1365 5325 1455 5395 buius
1489 5324 1590 5381 notice
1623 5326 1714 5380 rroctis
1748 5329 1867 5379 onerat
1901 5324 1932 5377 tn

225 5415 284 5463 mo,
300 5414 380 5453 num.
396 5398 440 5451 ta.
457 5401 493 5451 dt
503 5396 531 5450 iu
547 5397 664 5465 vulgato
677 5394 827 5449 Anastasio
847 5394 1008 5449 Bonitaeius
1023 5396 1046 5448 V
1101 5395 1303 5453 Bertctiictione
1313 5397 1488 5462 sarrctrticoti
1499 5396 1616 5451 luminis
1631 5394 1837 5466 suscipiamus.

225 5469 408 5524 constituisse
428 5467 530 5522 dicitur
546 5473 576 5522 ut
602 5481 632 5519 ni
650 5465 801 5519 lateranis
820 5466 972 5535 acolytnus
988 5481 1044 5520 narr
1137 5470 1270 5535 Superest
1307 5467 1453 5523 atterenda
1485 5465 1604 5521 adriani
1628 5466 1740 5554 papst
1777 5466 1933 5537 responsio

224 5534 1044 5608 baptizaretcunrdiaconasedsubdiaconisnbseqnen·
1100 5537 1135 5590 ad
1176 5537 1351 5610 interrogata
1388 5537 1592 5592 inonachorum
1625 5536 1841 5592 horbciensiurn
1889 5536 1932 5592 le·

223 5616 275 5665 tea.
292 5610 391 5665 Solum
405 5609 559 5664 diaconum
573 5604 825 5676 designatlibcllus
840 5604 988 5675 septimus,
999 5606 1043 5663 cui
1098 5608 1193 5677 girans
1214 5608 1244 5664 in
1260 5614 1419 5680 pervetusto
1432 5609 1533 5665 Codice
1559 5607 1729 5673 corbeiensi,
1751 5625 1840 5679 qnam
1860 5608 1931 5681 jam

220 5679 334 5748 prteirit
347 5679 500 5739 concilium
527 5680 691 5739 Romanum
707 5677 759 5733 sub
784 5675 948 5733 marcentia
964 5678 985 5746 l,
1001 5693 1045 5733 ca·
1099 5679 1188 5735 semel
1199 5698 1217 5735 a
1231 5680 1311 5737 nobis
1330 5680 1456 5747 laudato,
1481 5680 1509 5736 in
1525 5698 1582 5753 quo
1597 5680 1672 5736 Ordo
1698 5680 1847 5735 llomanns
1874 5694 1932 5750 pro

218 5763 298 5809 nona
310 5751 337 5808 l.
1098 5750 1192 5808 biduo
1207 5757 1273 5809 ante
1298 5752 1409 5810 Pascha
1431 5751 1568 5812 institutis
1582 5749 1748 5811 monasticis
1763 5766 1935 5809 accommo-

237 1129 418 1186 occasionem
432 1127 521 1183 dedit.
537 1128 597 1184 Huc
607 1134 718 1200 spectat
729 1130 913 1185 interdictum
941 1129 970 1184 in
985 1128 1060 1183 Airi-

236 1215 306 1258 cano
321 1199 442 1255 concilio
451 1198 570 1263 lactum,
581 1205 612 1255 ut
623 1208 838 1273 praeterpanem
846 1202 979 1256 etvinum
987 1216 1062 1270 aqua

234 1271 354 1327 mistum
363 1269 615 1329 nibilinsacriiicio
623 1272 768 1328 offeratur.
778 1273 919 1329 Primitiae
927 1288 1002 1338 acro,
1014 1286 1061 1327 sea

234 1343 328 1399 metet
345 1342 400 1407 lac,
416 1343 494 1467 pund
508 1358 567 1398 uno
586 1343 634 1398 die
646 1344 855 1399 salernnissinro
868 1344 900 1398 iu
910 1344 1061 1412 infantam

234 1414 375 1484 mysterio
384 1429 415 1467 so
428 1420 455 1469 et
468 1412 578 1481 offerri,
590 1415 725 1486 quamuis
736 1418 767 1470 in
779 1415 872 1470 altari
882 1414 1059 1484 offerantur,

235 1501 319 1542 snare
335 1491 433 1541 tamen
449 1484 573 1540 babeam
588 1488 740 1554 propriam
766 1485 1011 1545 Benedictiooeoa
1028 1491 1061 1540 ιιι
