4032 6176
212 238 277 322 323⁴
308 226 312 233 Ι
589 248 626 316 IN
647 256 677 316 S.
700 248 881 316 cardoun
902 244 1040 317 LIBRUM
1061 248 1392 317 sacnauaudcltuu
1412 246 1532 318 NOTAE.
1701 264 1709 273 ¹
1856 246 1911 317 3'24

210 392 388 450 benedicitur
399 390 436 445 ad
451 387 615 460 ungendum
641 386 880 443 catechumenum
899 387 1036 441 accedcn·
1051 386 1074 451 Α
1090 386 1229 441 duntaxat
1244 386 1381 457 ungendae
1397 384 1553 450 invertire,
1575 383 1654 442 nulla
1669 386 1783 441 subesse
1804 391 1916 458 poterat

211 469 269 521 tem
283 466 320 519 ad
333 466 465 517 sanctam
482 458 702 531 regenerationis
714 459 871 523 lavacrum,
880 462 911 512 ul
925 461 1036 512 constat

211 552 244 592 ex
259 537 385 604 subjecta
400 532 545 596 Oratione,
560 536 587 585 et
602 529 707 588 Codice
720 529 835 585 llatoldi
853 540 862 581 .’
878 530 982 583 Deinde
993 544 1035 584 re·

211 610 300 677 cipiet
310 605 495 659 subdiaconus
510 602 544 658 ab
558 603 669 672 acolyto
679 602 765 655 oham
779 602 816 654 act
825 600 1033 669 baptizandam.

210 671 1033 753 llooaulcmoleumbenediciturJ'urtaantiquummorem,

210 750 292 819 cujus
320 745 454 802 meminit
481 750 596 800 sanctus
612 744 733 815 Cyrrllos
758 742 1035 813 Hierosolymitanus

210 819 322 876 cathec.
339 818 355 872 i
373 822 496 890 mystag.
509 832 515 870 :
529 816 605 868 Οὕτω
619 820 664 866 καὶ
674 813 826 887 irrepsistis
841 813 923 865 ἔλαιον
934 812 1034 871 ἐπικλή-

212 910 252 944 σει
267 896 334 945 Θεοῦ
349 894 393 940 καί
402 889 468 960 εὐχῇ
486 884 596 958 δύναμιν
608 885 766 944 τηλικαύτην
776 883 910 957 lactasse.
925 885 955 939 ld
971 889 1031 941 est:

213 963 259 1019 Sic
273 966 302 1016 el
316 959 503 1016 exorcizatum
514 961 608 1013 oleum
639 974 688 1028 per
702 956 912 1011 invocationem
942 955 991 1010 Dei
1007 957 1036 1009 et

211 1033 377 1090 Orationem
392 1036 504 1086 tantam
520 1029 654 1083 virtutem
666 1028 724 1082 acci
745 1027 775 1081 it.
792 1027 830 1081 Oc
840 1028 892 1081 hac
902 1026 1035 1081 unctione

213 1104 346 1176 agiturin
366 1100 565 1167 Ouestionibus
581 1045 813 1161 adortboribuos,
835 1115 898 1168 quae
923 1100 1036 1152 exstant

212 1177 288 1231 iuter
300 1190 384 1246 opera
397 1174 486 1228 sancti
500 1171 603 1226 ,tustini
618 1171 761 1241 martyris,
777 1172 875 1240 quaest..
893 1169 953 1222 l3'l.
982 1169 1035 1223 llle·

213 1247 294 1302 minit
309 1248 490 1309 Fortunatus,
508 1241 635 1297 camnine
652 1258 688 1304 rr,
705 1241 755 1297 lib.
777 1258 802 1305 v,
824 1241 857 1295 de
884 1240 990 1295 ludaeis
1018 1254 1035 1293 a

212 1324 312 1374 sancto
321 1319 403 1371 Avito
413 1320 546 1371 Arverna
561 1313 692 1384 episcopo
707 1310 874 1383 baptizatis:

289 1431 446 1482 llincolcari
457 1431 548 1480 ovium
563 1428 734 1492 pertunditur
747 1427 867 1490 unguine
884 1425 967 1476 vellus
981 1440 987 1474 ε

321 1499 491 1559 aspersuque
507 1505 583 1543 sacro
596 1490 626 1539 fit
636 1491 725 1554 gregis
743 1490 809 1539 alter
821 1488 895 1538 odor.

210 1603 292 1675 Apud
307 1601 424 1656 Latinos
436 1598 549 1671 ungitur
563 1596 749 1668 baptizandas
763 1595 792 1649 in
803 1599 926 1666 pectore,
938 1611 1036 1676 scapu-

211 1675 255 1740 lis,
272 1678 301 1729 et
311 1672 385 1727 inter
399 1673 538 1796 scapulas.
552 1670 631 1724 lesse
643 1666 854 1731 Ambiancnsis,
870 1666 898 1720 in
914 1666 1035 1737 epistola

1090 462 1178 512 tantae
1210 458 1321 513 occasio
1347 456 1524 523 tentationis,
1552 473 1616 527 quas
1644 457 1736 528 polius
1762 460 1914 515 excitanda

1090 528 1190 584 luisset
1201 527 1229 583 in
1246 530 1307 600 ipsa
1321 528 1474 591 mersione,
1490 543 1578 599 quam
1594 527 1622 582 in
1636 528 1770 584 unctione
1784 530 1910 585 verticis.

1091 603 1230 655 Praeterea
1246 600 1274 654 in
1292 599 1382 655 serbis
1397 599 1491 654 citatis
1506 599 1635 655 ridemus
1650 600 1816 655 unctionem
1838 618 1913 672 prte-

1090 671 1165 725 milti
1179 672 1321 741 baptismo
1334 688 1340 735 ;
1353 671 1439 743 igitur
1449 672 1483 725 de
1492 671 1543 725 hac
1552 670 1639 725 totius
1648 671 1915 741 corporisunctione

1090 742 1278 797 Orientalium
1295 759 1374 797 more
1387 741 1573 812 intelligenda
1586 748 1653 796 sunt
1667 742 1762 812 potius
1777 760 1865 813 quarn
1880 743 1914 798 de

1090 813 1202 868 verticis
1217 814 1359 877 unctione,
1373 830 1434 884 que
1455 813 1599 883 baptismo
1615 814 1801 883 postponitur.
1827 816 1854 871 si
1866 831 1914 869 au-

1089 888 1147 939 lem
1162 885 1317 955 baptizaret
1328 885 1485 956 episcopus,
1504 884 1580 955 prins
1590 885 1626 939 ab
1640 901 1672 940 eo
1690 885 1913 941 catechumenus

1089 955 1513 1028 ungebaturtrinosipuaculo,
1541 960 1638 1026 postea
1666 959 1725 1010 toto
1751 973 1869 1027 corpore
1897 974 1914 1011 a

1089 1027 1284 1082 sacerdotibus
1300 1028 1437 1099 agendus,
1463 1032 1492 1080 ut
1519 1030 1598 1081 notat
1620 1032 1737 1081 sanctus
1761 1028 1914 1093 Dionysius

1090 1098 1151 1152 loco
1166 1115 1251 1168 supra
1265 1097 1361 1153 citato.
1380 1098 1508 1153 Tandem
1525 1099 1683 1152 notandum
1703 1098 1759 1153 tria
1774 1098 1802 1153 in
1824 1098 1915 1154 Coena

1089 1168 1203 1223 Domini
1214 1169 1386 1224 sanctificari
1397 1170 1432 1223 ab
1451 1168 1594 1239 episcopo.
1610 1169 1705 1223 oleum
1720 1169 1913 1233 intirmorum,

1090 1246 1219 1295 sunctum
1236 1241 1372 1306 chrisma,
1387 1244 1415 1294 et
1429 1240 1523 1294 oleum
1537 1240 1783 1311 baptizandorum.
1797 1258 1847 1296 seu
1870 1258 1915 1296 ca·

1089 1312 1336 1377 techuruenorum,
1354 1315 1384 1366 ut
1399 1310 1517 1382 planum
1532 1315 1575 1365 est
1585 1328 1618 1365 ex
1634 1311 1738 1366 nostris
1752 1328 1916 1368 sacramen·

1089 1381 1179 1438 tariis.
1203 1384 1281 1439 Unde
1296 1383 1323 1437 in
1350 1382 1470 1438 concilio
1485 1381 1631 1449 bleldensi,
1661 1385 1736 1453 apud
1760 1385 1877 1438 leonem
1905 1400 1915 1439 ι

1089 1459 1170 1525 parte
1186 1454 1305 1519 liceret..
1319 1470 1381 1524 cap.
1393 1453 1445 1507 ate
1457 1468 1463 1507 :
1474 1453 1581 1509 Statuit
1591 1460 1623 1507 at
1634 1456 1823 1525 presbyteria
1835 1455 1916 1509 Cena

1090 1523 1913 1595 Dominiampultastressecumdeserat,auamadchrisraa.

1089 1597 1209 1653 alteram
1231 1599 1266 1651 ad
1280 1596 1477 1651 catechumenos
1491 1595 1638 1663 arcendos,
1660 1598 1770 1651 tertiam
1781 1598 1821 1651 ad
1837 1598 1916 1667 infir·

1088 1682 1147 1723 mos
1154 1670 1241 1737 juata
1252 1668 1422 1723 sententiam
1437 1667 1622 1737 apostolicam,
1635 1673 1667 1722 at
1676 1667 1787 1738 quando
1799 1669 1861 1739 qais
1874 1669 1915 1723 in·

212 1743 250 1802 de
261 1745 427 1815 Baptismo:
459 1742 573 1812 eripitur
591 1743 671 1794 etiam
688 1740 789 1793 deoteo
812 1745 911 1792 sancto
924 1744 1032 1805 pectas,
1050 1747 1072 1805 Β
1087 1740 1230 1807 firmatur,
1250 1738 1374 1793 inducat
1388 1739 1566 1809 presbyteros
1588 1738 1732 1795 Ecclesia.

212 1825 244 1872 ut
257 1816 401 1871 immansio
411 1813 536 1883 Spiritui
543 1811 738 1880 probibentur
746 1809 891 1863 introitus.
901 1809 1035 1889 Scapula

212 1904 288 1945 enam
298 1888 456 1955 siccantur·
464 1886 533 1947 oleo,
542 1890 571 1936 at
582 1882 711 1951 strictique
721 1886 872 1935 rnanrtsone
884 1894 975 1934 croces
983 1880 1034 1948 fir·-

212 1965 315 2014 metnr.
334 1956 461 2011 EtPanlo
475 1957 556 2025 post:
582 1954 660 2007 Inter
685 1953 819 2017 scapratas
838 1957 983 2019 manetur.
1003 1956 1034 2004 at

213 2035 392 2085 consecratas
407 2027 540 2081 brrmcras
556 2022 1032 2090 camscapulistotamsesatjiciat

252 2098 348 2156 testati
364 2098 423 2153 Dei.
433 2095 635 2166 theodulphus
650 2091 862 2148 Aurelianensis
875 2092 1032 2163 episcopus,

226 2172 263 2226 ib.
281 2187 335 2225 ins.
352 2168 480 2225 biblioth.
496 2164 673 2223 corbeiensis
698 2164 732 2218 dc
759 2163 865 2218 Ordine
890 2164 1032 2233 baptismi,

213 2259 266 2312 cap
292 2240 335 2306 10,
352 2238 484 2296 meminit
511 2241 622 2292 tantum
645 2234 980 2304 unctionisscapularum
1006 2239 1035 2291 et

214 2313 351 2385 pectoris:
368 2312 443 2368 Unde
465 2309 548 2364 etiam
561 2308 603 2363 tris
617 2309 665 2377 qai
680 2306 849 2373 baptizandi
857 2313 923 2360 sunt
943 2314 1035 2375 pectus

214 2385 251 2439 de
261 2384 320 2437 cleo
341 2389 367 2438 et
380 2380 502 2452 scapulae
514 2385 675 2449 teneantur.
689 2376 840 2432 Rationem
854 2375 979 2449 subjicit,
1005 2381 1036 2431 ut

213 2455 296 2510 homo
307 2453 343 2508 sit
355 2458 431 2508 retro
444 2457 473 2506 et
492 2455 558 2505 ante
573 2448 709 2503 munitus.
728 2452 768 2501 lla
781 2447 868 2502 etiam
884 2448 912 2501 iu
927 2447 1035 2502 Codici-

212 2526 264 2581 hus
275 2524 440 2590 apamensi,
456 2526 485 2576 et
496 2519 609 2577 Raloldi
628 2520 750 2574 abbatis,
765 2521 802 2572 At
827 2518 914 2574 Graeci
941 2523 1034 2575 tolum

213 2613 316 2668 corpus
329 2602 447 2667 ungunt,
463 2598 492 2648 ul
505 2592 599 2647 videre
613 2595 656 2645 est
676 2590 704 2645 in
723 2606 823 2649 eorum
854 2591 976 2645 Eucholo
997 2590 1034 2656 io,

213 2672 241 2724 et
256 2670 331 2739 apud
345 2673 481 2724 severum
495 2661 691 2735 patriarcham
702 2660 938 2727 Alexandrinum,
963 2607 1035 2716 libro

213 2732 1036 2809 deRitibnsbaptismi:Etponitsarcerdosoteamotiaaram

212 2810 244 2865 in
259 2812 432 2866 colomanus
446 2824 511 2870 saa,
529 2812 617 2860 totam
633 2820 734 2875 corpas
745 2806 867 2874 ejusqui
881 2804 1037 2874 baptizatas·

213 2882 308 2951 ancil.
319 2884 401 2952 Apud
412 2885 543 2934 sanctum
553 2875 690 2947 Cyrillum
707 2874 907 2945 iherosolym,
920 2876 1030 2930 cathcc.

212 2954 230 3007 2
245 2957 368 3024 mysiag.
386 2968 392 3005 ε
409 2944 652 3008 cicatricosam
665 2945 878 3016 ilaiprilatpsais
890 2944 1036 3019 ἑπορνιιστῷ

214 3022 265 3076 ἀπὸ
278 3023 363 3097 ἄκρων
376 3030 475 3104 τριχῶν
489 3027 604 3094 κορυφῆς
621 3020 666 3078 ἕως
676 3026 724 3067 τῶν
739 3018 821 3071 κάτω.
838 3016 867 3070 ld
883 3019 925 3070 esi
937 3032 942 3072 ἰ
955 3017 1037 3072 Dein·

1123 1809 1569 1879 till.Profectamspiritaatiam.
1580 1809 1610 1863 ln
1620 1808 1916 1866 ExcusisetinCodice

1091 1881 1408 1939 Rhemensiaddlturre
1424 1885 1631 1935 s‘cmancralor.
1649 1881 1790 1937 lnCodice
1802 1882 1914 1936 ltatoldi

1089 1952 1199 2007 abbatis
1209 1951 1495 2021 hisamissislegitur:
1507 1952 1641 2022 Deaeqai
1655 1953 1914 2023 virtatesanctiSpi-

1088 2024 1209 2079 ritastui
1222 2023 1425 2077 imbecillarum
1439 2023 1572 2077 inertiam
1581 2023 1745 2078 rudimenta
1757 2024 1913 2092 confirmas.

1124 2095 1186 2149 280.
1195 2095 1312 2164 Resupis
1320 2094 1484 2149 uirtutibus.
1493 2094 1522 2147 ld
1533 2097 1585 2156 est,
1593 2094 1914 2167 apostatissngelis,seu

1089 2165 1278 2221 daemonibus.
1290 2164 1548 2289 ὃίῳιίἀοιινιιΐιιὶιι
1566 2168 1611 2220 est
1624 2170 1766 2238 apostata,
1781 2166 1910 2223 deserto.

1089 2237 1270 2302 Prudentius,
1287 2237 1366 2291 odel
1386 2237 1512 2306 Perrslep
1536 2236 1602 2291 ani:

1259 2333 1358 2382 Ductor
1369 2333 1437 2383 aulae
1452 2332 1596 2382 mundialis

1262 2395 1301 2444 lre
1316 2395 1349 2444 ad
1364 2408 1437 2444 aram
1449 2396 1575 2458 jusserat,

1260 2458 1340 2506 [dolis
1352 2458 1427 2507 litura
1441 2458 1467 2505 ni
1487 2458 1533 2513 ris,

1260 2520 1323 2570 Esse
1337 2520 1434 2569 Christi
1445 2472 1561 2583 seiuges.

1090 2611 1211 2665 Sanctus
1226 2608 1364 2664 Pacianus
1379 2608 1407 2662 in
1423 2606 1622 2663 exhortatione
1635 2609 1671 2663 ad
1693 2607 1894 2679 poenitentiam
1909 2626 1915 2664 :

1091 2681 1145 2737 Dei
1151 2681 1253 2751 resuere
1266 2678 1556 2735 autcatrala'crlesiam
1564 2681 1715 2745 constituit,
1727 2683 1780 2735 etc.
1792 2682 1917 2737 Sanctus
2004 2700 2005 2705 ¹

1089 2752 1273 2823 Augustinus,
1290 2750 1339 2806 lib.
1355 2767 1390 2805 xx
1404 2752 1437 2805 de
1451 2750 1570 2807 Civitatc
1585 2751 1641 2815 liei,
1658 2767 1721 2821 cap.
1751 2752 1784 2805 19
1806 2769 1813 2806 :
1840 2752 1918 2818 Ouo·

1090 2840 1172 2879 ntem
1186 2823 1245 2878 taisi
1257 2821 1361 2877 verrent
1372 2824 1466 2891 resana
1478 2825 1613 2891 primam,
1627 2829 1654 2877 et
1672 2823 1812 2878 revelatas
1822 2825 1917 2892 [uerit

1090 2894 1171 2950 bomo
1183 2894 1296 2965 perculi.
1312 2894 1345 2947 El
1359 2892 1447 2948 l’aulo
1458 2898 1523 2963 post
1545 2910 1551 2948 :
1570 2893 1650 2947 Nulli
1663 2892 1780 2948 dalilam
1793 2900 1834 2949 est
1849 2911 1916 2950 earn

1090 2967 1124 3021 de
1133 2965 1312 3020 Antichristo
1321 2964 1374 3019 isto
1385 2963 1498 3027 elisisse,
1511 2963 1729 3036 dieqaejadicii.
1743 2966 1830 3020 Hanc
1840 2967 1916 3021 enim

1090 3037 1167 3092 dien
1177 3035 1292 3091 Domini
1307 3052 1364 3090 non
1377 3041 1608 3100 encaemorum,
1621 3036 1677 3090 nisi
1689 3037 1769 3106 prior
1781 3036 1828 3090 tlte
1839 3054 1916 3091 oene-

214 3095 249 3150 de
264 3095 338 3150 exuli
353 3092 549 3149 vestibusoleo
562 3089 719 3145 exorcizato
730 3086 809 3141 uncti
823 3086 890 3141 estis
914 3104 932 3141 a
957 3103 1037 3142 sum·
1052 3109 1074 3168 C
1092 3109 1129 3162 ,p
1138 3124 1221 3178 quem
1236 3108 1368 3176 pompam
1382 3107 1617 3177 „ocupupquead
1627 3108 1749 3162 Domino
1760 3108 1826 3162 Deo.
1838 3107 1917 3173 0qu

213 3166 269 3221 mis
284 3164 396 3221 'illicis
407 3162 516 3234 fflpfflis
527 3177 614 3232 usque
627 3161 663 3214 ad
676 3158 1035 3229 ἰΠίί[1103Ρθάιθὶιάθῑίὸῐῃ
1089 3179 1158 3234 side
1173 3177 1302 3233 carnibus
1313 3178 1409 3248 imptis
1420 3177 1580 3245 dr'cipotest,
1592 3178 1791 3250 quantomapis
1800 3178 1832 3231 cte
1842 3180 1917 3232 asto?
2004 3206 2005 3219 ι

213 3237 329 3309 planum
344 3242 387 3292 est
401 3251 435 3290 es
448 3238 547 3289 sancto
571 3230 715 3303 Dionysio,
743 3230 791 3283 lib.
819 3229 855 3284 de
870 3229 1037 3284 llierarchia

195 3352 199 3359 s
213 3308 291 3371 eccl..
304 3324 365 3378 cap.
381 3306 500 3364 izDam
511 3320 575 3358 vcro
585 3300 781 3357 mirrtsrrieurn
795 3302 906 3371 penitus
916 3308 1034 3369 maurit,

212 3395 323 3435 sacram
338 3380 428 3434 oleam
440 3378 562 3446 offerunt
577 3372 748 3430 sacerdotes.
767 3371 797 3423 '0
815 3368 845 3423 δὲ
858 3381 906 3432 τῆς
920 3378 1035 3446 χρὶσιως

213 3449 260 3504 tal
275 3459 320 3503 τον
345 3468 413 3523 appa
433 3453 490 3500 ίσαι
514 3450 569 3520 τρίς
593 3442 780 3517 ἀπαρξάμενος,
809 3448 837 3494 τὸ
865 3443 953 3496 λοιπὸν
981 3452 1036 3503 τοῖς

213 3524 310 3597 ἰεριῡσι
321 3524 364 3572 τὸν
379 3469 464 3594 cinips
484 3525 581 3591 χρῖσαι
594 3520 738 3586 carropera
759 3509 907 3588 παραδοὺς.
925 3515 956 3569 td
970 3520 1033 3569 est:

211 3593 339 3664 Pontisra
350 3609 413 3646 aero
428 3598 458 3645 ut
472 3591 550 3643 trino
563 3587 707 3657 sipuacalo
722 3585 864 3641 inchoarit
881 3588 1035 3641 auctionem

210 3663 396 3721 sacerdotibus
412 3663 552 3716 hominem
567 3658 659 3714 tradit
669 3660 725 3712 toto
737 3656 1033 3727 corporeunpendum.

211 3737 241 3791 ld
257 3736 344 3791 etiarn
361 3737 483 3789 testatur
510 3734 625 3786 sanctus
652 3728 778 3782 loannes
804 3728 1034 3799 chrysostomus,

211 3806 291 3863 horn.
307 3810 332 3869 6,
350 3804 380 3859 in
393 3805 475 3887 epist.
502 3803 538 3857 ad
558 3801 740 3856 Colosseuses
762 3815 769 3853 ε
794 3799 930 3869 Uacalus,
959 3800 1034 3855 sicat

211 3876 466 3935 athletaesludranr
480 3873 644 3943 inpressam
667 3869 754 3925 simul
766 3873 836 3924 enim
853 3870 987 3933 noscitur,
1009 3877 1035 3924 et

212 3965 268 4004 aon
282 3949 352 4003 sicat
365 3948 485 4018 primus,
501 3945 550 3999 ille
563 3943 611 4014 qai
627 3941 777 4013 paulatim,
794 3940 845 3995 sed
856 3941 949 3997 statim
958 3958 967 4007 ,·
978 3958 1036 3996 non

211 4020 284 4076 sicat
301 4019 368 4074 otim
381 4017 542 4073 sacerdotes
556 4013 613 4071 solo
630 4012 724 4081 capite
737 4014 871 4067 imovero
887 4012 1011 4079 onrplius
1025 4028 1034 4078 ,·

212 4106 281 4147 nam
290 4089 459 4160 itliqaidem
471 4095 571 4158 capite,
584 4084 874 4147 aare,deatramann,
885 4090 916 4137 at
930 4082 963 4137 ab
978 4082 1036 4137 obe-

212 4163 356 4227 dientiam,
369 4160 457 4245 332
474 4165 499 4215 el
512 4158 580 4212 barra
593 4171 675 4227 opera
696 4154 835 4210 eacitcrel
847 4170 930 4209 eam:
954 4150 1036 4217 οὗτος

213 4231 243 4286 δι
257 4238 286 4286 τὸ
299 4235 359 4285 πιέν.
376 4238 414 4283 Oa
429 4236 480 4301 pap
494 4224 723 4307 διδαχθησὸμενος
738 4228 854 4299 ἔρχεται,
869 4224 932 4276 ἀλλὰ
957 4223 1035 4283 ἀθλή-

215 4323 277 4371 σων,
305 4302 622 4428 καίιζνμνασθησόμινος,
648 4299 676 4351 td
698 4302 751 4362 est,
779 4295 824 4350 hic
845 4300 943 4351 autem
960 4300 1036 4351 lotus

212 4374 337 4446 ungitur.
389 4389 425 4427 ou
448 4371 525 4427 enim
541 4368 634 4425 solum
658 4367 735 4422 venit
758 4373 789 4421 ut
817 4369 963 4433 doceatur,
986 4368 1036 4422 scd

213 4446 302 4503 ctiam
316 4451 348 4500 nt
367 4448 457 4499 certet
480 4448 508 4497 et
529 4444 703 4497 exerceatur.
728 4439 866 4494 liamdern
893 4441 1035 4493 rationem
1053 4472 1075 4530 D

214 4516 325 4589 prolert
341 4520 456 4571 sanctus
472 4512 631 4583 Dionysius,
647 4508 739 4581 capite
767 4509 864 4565 citato.
882 4511 921 4565 Oe
935 4511 1035 4565 eadem

214 4586 522 4657 unctioneeaplicanda
530 4588 597 4638 sunt
608 4580 838 4637 verbalobannis
846 4581 960 4642 Moschi,
972 4597 1036 4652 cap.

215 4661 233 4714 3
257 4660 333 4717 Preti
347 4658 493 4728 spiritalis,
509 4657 588 4715 atro<
602 4656 688 4728 ἔχριεν
710 4659 755 4704 καὶ
776 4640 922 4718 ὲὸιὶπτιζιν,
939 4653 1035 4721 idest,

216 4731 264 4788 ille
280 4731 406 4799 ungebat
420 4734 449 4783 et
472 4726 644 4797 baptizabat.
675 4725 709 4779 Et
732 4724 808 4779 inira
832 4741 838 4779 :
860 4731 896 4797 Τῇ
916 4723 1037 4798 ἐπαύριον

217 4807 315 4877 χρίσας
341 4800 477 4854 ὲὸιὶπτισεν
499 4802 546 4857 τὴν
574 4801 696 4872 Περσίαν,
723 4796 751 4849 rd
779 4800 831 4860 est,
860 4794 889 4850 in
913 4795 1039 4851 crastina

217 4891 284 4931 cum
298 4873 426 4929 unxisset
443 4869 567 4927 Persiam
590 4868 724 4939 puellam,
738 4883 803 4922 eam
814 4865 979 4938 baptizarit.
1006 4867 1040 4921 Et

217 4946 281 5002 haec
291 4945 386 5015 puella
401 4945 476 4998 nuda
492 4940 656 5012 inungendi
670 4941 742 5004 erat,
761 4943 792 4993 ut
806 4938 936 4993 ridemus
951 4938 980 4992 in
1000 4937 1041 4991 in·

216 5017 423 5089 terpretatione
435 5013 536 5069 Latina
549 5030 556 5067 ε
569 5011 696 5077 Quadam
712 5025 779 5066 cero
793 5009 837 5063 die
850 5011 928 5066 verrit
945 5009 1042 5080 puella

218 5105 256 5147 ecc
267 5088 389 5152 Perside,
406 5089 517 5158 quatra
531 5083 727 5154 speciosaerat,
739 5096 772 5136 ac
783 5087 872 5137 tanta
908 5081 1043 5135 ulchritu-

218 5160 303 5225 dinis,
320 5165 417 5214 utnon
432 5161 517 5225 posset
527 5154 679 5223 presbyter·
687 5152 788 5208 stadam
799 5167 858 5208 eam
869 5097 924 5207 aiio
932 5168 1041 5232 rapere.

218 5231 251 5287 ln
271 5247 326 5302 qua
339 5245 407 5285 sane
418 5228 559 5297 interpres
572 5223 688 5297 agnovit
700 5224 869 5279 vocabulum
887 5228 998 5295 γυμνὴν,
1014 5222 1043 5277 sd

219 5303 404 5371 astundam,
422 5300 498 5370 quod
523 5314 557 5353 ex
581 5301 677 5351 Oraeca
706 5294 834 5350 Editione
853 5295 969 5351 cncidit.
1003 5293 1043 5348 lbi

218 5374 297 5431 enim
307 5372 402 5441 agitur
411 5370 574 5441 dequodam
587 5368 702 5422 Conone
713 5366 854 5419 monacho
871 5368 1043 5438 presbytero,

1091 3249 1143 3305 Ubi
1159 3253 1227 3303 nota
1242 3248 1425 3319 interpretem
1443 3248 1494 3303 loci
1507 3249 1585 3303 citati
1599 3265 1616 3305 a
1630 3256 1729 3305 sancto
1741 3250 1916 3320 Augustino,

1090 3337 1124 3376 ex
1144 3321 1165 3374 ll
1191 3320 1288 3375 Thess.
1315 3336 1345 3386 u,
1371 3319 1472 3391 legisse
1487 3319 1647 3383 ἀποστάτης,
1672 3321 1700 3375 id
1728 3328 1780 3385 est,
1801 3320 1915 3393 relega,
2004 3346 2005 3353 ν

1090 3392 1227 3455 desertor,
1244 3406 1301 3445 non
1316 3390 1477 3459 ἀποστασία,
1498 3392 1596 3455 idest,
1625 3392 1747 3457 dicessio,
1776 3397 1806 3445 ut
1829 3396 1918 3473 vulgo

1090 3463 1118 3517 in
1134 3468 1212 3517 textu
1235 3462 1341 3525 Graeco,
1363 3462 1494 3527 habetur,
1512 3467 1540 3517 et
1556 3462 1586 3516 in
1602 3462 1733 3518 versione
1748 3479 1912 3519 communi.

1090 3536 1212 3589 Sanctus
1229 3532 1358 3587 Valerius
1372 3534 1627 3602 abhas,degenere
1643 3533 1920 3589 monachorumzls't
1954 3562 1963 3583 .

1089 3604 1579 3675 Domino,cnjraesfiaelissimoservos
1586 3613 1801 3676 persequantur,
1813 3606 1919 3661 odiant

1089 3675 1921 3745 introiri,rctapaeodibileceteeterifianl.Consuleobser-

1089 3746 1919 3819 rationesnostrasadConcordiamregularumcapbffl.
2004 3744 2005 3797 Ξ

1125 3820 1186 3873 281.
1204 3819 1243 3873 Et
1259 3824 1455 3874 communicat
1473 3818 1566 3874 ornnis
1580 3819 1696 3889 populas
1708 3818 1815 3875 ordine
1844 3834 1913 3875 sno.
2004 3858 2005 3861 ,

1090 3890 1133 3944 lta
1145 3890 1172 3943 in
1189 3889 1287 3944 Editis.
1306 3891 1367 3943 llaec
1383 3890 1478 3959 populi
1493 3890 1659 3945 communio
1674 3890 1728 3944 bec
1744 3890 1817 3945 teria
1840 3891 1860 3943 5
1888 3890 1920 3945 in
2004 3920 2005 3923 ¹

1090 3960 1276 4087 Coenagass
1302 3960 1553 4043 Dominihabletur
1578 3961 1666 4016 etiam
1691 3961 1721 4015 in
1744 3960 1848 4017 Codice
1862 3963 1922 4042 ‘lla-

1090 4033 1170 4087 toldr.
1217 4032 1267 4085 lim
1283 4031 1403 4102 populus
1418 4047 1446 4086 ιιι
1459 4033 1555 4088 triduo
1583 4032 1697 4088 Paschae
1719 4048 1920 4087 communica·

1090 4105 1148 4164 bat.
1162 4106 1193 4157 ut
1208 4102 1352 4157 vidercesl
1365 4102 1393 4156 in
1409 4103 1563 4185 capitulari
1579 4102 1767 4173 theodulphi,
1780 4116 1847 4175 cap.
1862 4105 1894 4157 ll
1912 4122 1919 4156 :

1089 4174 1329 4244 stipatissimus
1341 4176 1500 4230 Dornancss
1518 4180 1549 4229 tn
1564 4175 1788 4245 Quadrapestma,
1809 4181 1924 4245 praeter
2004 4192 2005 4197 ¹

1090 4245 1137 4300 bos
1153 4246 1202 4317 qai
1216 4246 1448 4300 eacomaianicatr
1462 4252 1539 4312 sant,
1555 4252 1728 4301 sacramenta
1743 4248 1878 4316 corporis
1892 4252 1924 4302 et

1089 4318 1241 4386 sanpatnis
1250 4316 1585 4383 Christisamendosant,
1593 4325 1619 4373 et
1628 4317 1658 4372 in
1670 4318 1753 4372 cana
1762 4317 1924 4383 Damnata
2004 4368 2005 4373 ,

1088 4402 1246 4514 parasceue,
1258 4393 1284 4443 et
1298 4387 1330 4443 ia
1345 4387 1445 4458 cipitia
1455 4387 1583 4444 Pascite.
1599 4388 1629 4442 ln
1646 4388 1699 4443 hoc
1710 4387 1814 4443 Codice
1825 4388 1923 4443 sancti
2004 4424 2005 4429 κ

1114 4458 1160 4529 ligi
1176 4458 1205 4512 in
1222 4474 1327 4529 magna
1343 4474 1494 4528 parasceve
1514 4460 1651 4529 iubentur
1662 4474 1763 4514 ornnes
1781 4475 1925 4514 commu·
2004 4496 2005 4499 η

1091 4530 1203 4594 nicare;
1216 4528 1244 4583 in
1260 4529 1384 4584 Sabbato
1393 4535 1492 4584 sancto
1505 4531 1567 4584 sola
1582 4530 1614 4585 lit
1624 4529 1732 4585 mentio
1741 4529 1924 4586 communio·
2004 4576 2005 4583 ,

1092 4602 1135 4656 nis
1150 4600 1497 4671 eorumquihaptizantur.
1507 4601 1649 4656 lbitamen
1658 4617 1715 4655 uon
1727 4601 1928 4657 delinituran·

1093 4672 1152 4728 hec
1165 4671 1331 4727 communio
1352 4673 1388 4726 ad
1403 4672 1479 4728 solos
1494 4689 1592 4728 recens
1606 4673 1763 4744 baptizatos
1791 4677 1922 4744 spectet.

1129 4795 1191 4849 289.
1202 4796 1240 4850 Et
1252 4803 1368 4855 servant
1384 4797 1417 4851 de
1432 4797 1491 4867 ipso
1501 4797 1644 4861 sacrificio
1655 4797 1870 4853 incrastinum.
1884 4800 1928 4853 lta

1094 4868 1123 4923 in
1139 4867 1253 4922 lirensis
1268 4871 1296 4921 et
1324 4867 1352 4921 ia
1378 4867 1526 4924 (lodicibus
1554 4867 1707 4924 Rhemensi
1729 4872 1758 4923 et
1786 4868 1924 4926 Ratoldi.

1096 4939 1168 5004 Quia
1182 4938 1210 4992 in
1227 4954 1379 5007 parasceve
1395 4939 1513 5012 majoris
1534 4939 1722 4995 hebdomadis
1738 4955 1797 4993 non
1821 4956 1931 4995 couse-

1095 5015 1191 5066 cratur
1204 5025 1306 5135 corpus
1321 5009 1434 5073 Christi,
1455 5012 1648 5066 sedsacerdos
1669 5011 1697 5066 iu
1722 5011 1806 5066 llissa
1832 5011 1931 5066 utitor
2004 5016 2005 5081 ζ

1097 5081 1245 5153 praesancti
1270 5080 1351 5147 catis,
1362 5080 1391 5136 id
1405 5086 1448 5136 cst
1461 5080 1561 5136 hostiis
1576 5087 1661 5138 antea
1672 5081 1850 5138 consecratis
1864 5087 1929 5138 tum

1097 5168 1150 5224 pro
1162 5169 1202 5220 sa,
1219 5156 1279 5206 lum
1295 5169 1345 5223 pro
1358 5152 1437 5207 omni
1453 5153 1566 5223 populo.
1577 5154 1659 5218 Quod
1674 5169 1725 5223 per
1739 5157 1831 5207 totam
1849 5155 1929 5219 Qua·

1097 5222 1290 5347 drappsimam
1307 5224 1456 5279 observant
1476 5224 1578 5288 Greci,
1603 5224 1727 5295 exceptis
1750 5224 1928 5289 Dominicis,
2004 5210 2005 5279 ζ

1099 5296 1154 5352 Sab
1175 5294 1230 5349 atis
1245 5299 1273 5349 et
1286 5294 1357 5351 testo
1372 5295 1616 5362 ennuntiationls,
1628 5296 1655 5349 in
1668 5293 1770 5366 quibus
1782 5303 1932 5368 peragunt

1098 5365 1224 5436 corporis
1238 5370 1266 5420 ct
1284 5364 1431 5435 sanguinis
1449 5365 1582 5421 dominici
1603 5365 1772 5421 sacrilicium
1786 5382 1820 5421 ex
1851 5367 1931 5421 anti·
2004 5416 2005 5419 ,

218 5446 263 5503 cui
277 5442 504 5513 archiepiscopus
519 5438 678 5511 baptizandi
694 5436 869 5507 provinciam
890 5438 1045 5492 demanda·
1099 5455 1155 5509 quo
1171 5452 1259 5499 more,
1271 5453 1356 5507 quem
1380 5438 1504 5508 reperire
1519 5440 1601 5492 estin
1614 5453 1677 5492 can.
1693 5437 1727 5491 sa
1748 5441 1836 5492 sextae
1860 5454 1932 5492 svn·
2004 5440 2005 5457 ¹

219 5522 298 5573 rorat
311 5516 375 5586 ,qui
388 5530 452 5568 {turn
467 5529 583 5584 gravem
598 5510 783 5567 tentationem
800 5513 941 5577 pateretur
954 5508 982 5562 in
1006 5507 1043 5563 lc·
1100 5508 1146 5563 odi
1164 5508 1214 5563 :ln
1230 5497 1933 5580 omnibnssanctaeQuadrooestmaejejaniidiebus

220 5589 366 5644 minarum
380 5583 522 5647 unctione,
536 5581 637 5651 saepius
651 5582 685 5635 de
697 5580 873 5634 monasterio
891 5580 1045 5635 deserendo
1097 5586 1287 5652 preterquam
1297 5579 1451 5634 Sabbatoet
1460 5580 1617 5644 Doaeinioa,
1627 5587 1653 5635 et
1664 5586 1757 5634 sancto
1767 5582 1933 5635 Annuntia-
2004 5618 2005 5621 ,

221 5658 407 5727 cogitaverat,
419 5672 452 5711 ex
474 5672 530 5725 quo
546 5652 664 5707 tandem
683 5667 748 5705 cnm
766 5650 890 5715 abiisset,
920 5650 1006 5705 rediit
1028 5667 1044 5703 a
1101 5651 1188 5706 tionis
1210 5651 1395 5721 diaporesis
1414 5653 1429 5707 i
1446 5659 1496 5703 τῶν
1511 5655 1724 5726 προηγιασμένων
1741 5653 1798 5724 ἱερὰ
1810 5649 1933 5734 trecop-

222 5729 440 5784 sanctoloaune
454 5724 583 5796 Baptista
593 5739 649 5777 non
661 5722 723 5777 sine
736 5722 935 5777 miraculohac
955 5725 1045 5777 teuta·
1098 5727 1154 5849 pta,
1171 5720 1262 5785 idest,
1292 5722 1440 5792 flatsacru
1464 5723 1763 5793 praesanctificatoram
1793 5721 1931 5804 litas-pra.
2004 5764 2005 5777 .

223 5799 302 5859 tione
314 5798 408 5855 carnis
421 5801 549 5853 sanatus.
565 5798 602 5850 at
624 5793 647 5849 si
668 5792 811 5870 eiusmodi
831 5792 948 5851 lemine
964 5796 1047 5850 erant

1112 5793 1178 5850 dem
1189 5790 1312 5870 reperire
1327 5795 1370 5850 est
1381 5791 1411 5849 in
1423 5809 1488 5861 cau.
1512 5794 1548 5849 re
1573 5792 1684 5851 eondlil
1704 5791 1867 5865 baodnem,
1898 5793 1933 5851 in
2004 5820 2005 5869 ;
