4084 6202
233 234 271 295 oo
614 214 620 229 “
847 214 1174 291 senonicensem
1194 227 1313 291 uacui
1876 226 1937 305 toa

232 364 458 423 Resurrectione
472 378 527 420 nos
541 377 672 435 reparas,
684 360 900 435 implepietatis
909 358 1051 418 tuaeinel·
1067 371 1093 430 ,q
1106 356 1170 429 ejus
1183 358 1329 416 beneficia
1335 360 1498 432 poscimus,
1508 358 1581 432 (tto)
1594 356 1738 418 donatura
1747 362 1851 433 gratia
1863 381 1933 424 con·

231 454 321 512 labile
333 458 565 517 sacramentum,
580 457 621 519 ut,
637 466 705 507 oum
720 452 751 506 in
761 451 912 523 llajestate
926 465 979 505 sue
994 446 1053 504 Sal·
1108 460 1281 516 sequamur.
1300 446 1363 502 Per.

229 545 318 596 vator
330 545 432 594 noster
443 536 609 601 advenerit,
620 535 800 608 quosieeisti
810 536 960 608 baptismo
973 547 1054 602 rege·
1139 532 1234 602 Super
1243 533 1344 591 oblato.
1358 566 1393 575 -
1403 535 1534 604 Munera,
1561 535 1691 608 Domine,
1706 537 1807 597 oblata
1822 545 1932 601 sancti-

230 621 340 686 nerari,
368 620 461 677 iacias
476 621 566 678 beata
596 619 819 677 immortalitate
851 618 965 675 vestiri.
998 615 1053 669 Per
1107 618 1174 689 fica,
1194 628 1232 679 et
1243 623 1442 680 intercedente
1455 622 1538 680 beato
1553 623 1679 694 Georgro
1707 633 1832 700 martyra
1867 636 1929 689 tuo.

230 709 382 765 eumdem.
1107 723 1164 764 nos
1186 724 1237 781 per
1260 710 1324 766 haec
1346 727 1366 768 a
1388 716 1574 784 peccatorum
1603 718 1775 771 nostrorum
1803 719 1931 776 maculis

264 801 321 872 82
341 800 468 857 Atiu-
482 800 571 867 Deus,
597 798 721 857 humani
736 798 856 872 generis
869 796 1008 855 conditor
1026 797 1055 850 et
1107 796 1251 854 emunda.
1270 798 1326 855 Per
1338 800 1500 856 Dominum
1513 804 1664 857 nocuum.

230 890 420 961 Redemptor,
429 889 478 959 da,
486 903 674 961 quaesumus,
683 895 715 944 ut
733 886 929 960 reparationis
943 889 1054 940 nostrae
1141 885 1296 957 Praefatio.
1310 887 1429 942 -Vere
1446 887 1569 958 dignum
1579 887 1729 960 etjustum
1743 896 1796 960 ast,
1812 909 1929 967 equum

231 976 340 1035 collata
353 975 496 1041 subsidia,
507 982 533 1032 te
538 975 649 1049 jugiter
657 976 829 1048 inspirante,
835 971 1053 1031 sectemur.Per.
1108 980 1137 1030 et
1150 974 1290 1042 salutare,
1304 989 1360 1031 nos
1370 975 1421 1032 tihi
1436 991 1555 1049 semper
1564 976 1928 1057 etulriquagratiasagere,

267 1065 343 1121 Alio.
356 1094 393 1105 -
407 1067 495 1131 licus,
511 1065 560 1136 qui
575 1064 685 1120 renatis
694 1080 815 1136 exaqua
825 1069 853 1119 et
865 1061 972 1133 Spiritu
986 1075 1054 1114 sen·
1108 1062 1353 1131 ltominesanote,
1366 1062 1774 1136 Pateromnipotens,eterne
1785 1069 1864 1126 Deus
1877 1088 1930 1143 par

232 1158 280 1212 olo
293 1154 418 1211 ccelesiis
436 1153 521 1224 regui
535 1153 809 1225 pandisintrcitum,
825 1167 902 1223 ange
913 1146 1055 1221 superla·
1108 1149 1257 1206 Christum
1269 1152 1429 1208 Dominum
1444 1158 1574 1211 nostrum
1591 1168 1666 1225 :pro
1692 1156 1780 1227 cujus
1803 1159 1930 1216 nominis

232 1243 400 1299 mulcetuos
413 1236 1054 1312 gratiam,quamdedistiutquiabomnibus
1107 1239 1280 1295 venerenda
1305 1240 1502 1309 contorsione,
1522 1241 1626 1298 beatus
1655 1249 1765 1315 martyr
1787 1246 1930 1317 Georgius

231 1324 1053 1403 suntpurgatipeccatis‚nnllispriventurpromissisi'er,
1107 1325 1224 1383 diversa
1233 1327 1532 1400 suppliciasuetinuit,
1540 1328 1931 1400 eteadevincens,coronam

269 1419 347 1476 Atia.
361 1449 396 1460 -
408 1417 558 1476 conserva
571 1417 602 1474 in
614 1417 712 1488 nobis,
726 1432 902 1490 quaesumus,
918 1415 1052 1479 Domine,
1106 1416 1310 1488 perpetuitatis
1324 1416 1654 1490 promeruit.quuem
1665 1419 1839 1489 liejestatem
1849 1429 1930 1479 tuam

232 1505 464 1564 misericordiam
478 1511 572 1575 tuam,
586 1509 617 1561 ut
626 1520 703 1578 quos
730 1505 770 1562 ab
790 1504 898 1561 erroris
920 1500 1053 1559 liberasti
1141 1502 1190 1560 Ad
1201 1504 1469 1574 Comptendem.-
1483 1504 1563 1561 Beati
1578 1504 1695 1576 Georgii
1715 1509 1859 1581 martyria
1874 1510 1927 1579 tui,

231 1595 366 1667 caligine,
383 1594 577 1651 veritatisture
587 1591 951 1649 firmiusinhaerereiacias
960 1590 1053 1647 docu·
1106 1592 1243 1657 Domine,
1262 1591 1413 1663 sufirogiis
1427 1599 1576 1662 exoratus,
1589 1602 1729 1668 percepta
1743 1601 1927 1657 sacramenti

232 1690 344 1742 mento.
358 1683 410 1738 Per
423 1682 596 1739 Dominum.
1067 1726 1092 1786 B
1106 1678 1149 1737 tui
1163 1695 1219 1737 nos
1234 1681 1340 1738 virtute
1352 1680 1489 1738 deiende.
1503 1681 1569 1738 Per.

1160 1809 1200 1851 vu
1213 1793 1312 1867 (357)ο
1326 1810 1388 1851 uae.
1405 1811 1472 1850 uni.
1485 1825 1522 1837 -
1551 1812 1667 1855 neruis
1682 1813 1775 1855 asueri
1788 1815 1872 1858 aanor

1420 1899 1620 1942 cranemerae.

1144 1988 1231 2057 Deus,
1245 1987 1298 2060 qui
1308 1986 1431 2046 beatum
1459 1991 1588 2046 Marcum
1611 1991 1822 2064 evangelistam
1843 2000 1928 2053 tuum

1109 2076 1288 2146 evangelicae
1302 2075 1804 2148 predicationisgratiasublimasti,
1821 2083 1929 2151 urbae,

1108 2179 1296 2237 quaesumus,
1311 2163 1373 2236 ejus
1383 2180 1562 2238 nossemper
1576 2172 1602 2221 et
1608 2169 1774 2225 eruditione
1783 2170 1931 2242 prolicere

1108 2259 1137 2308 et
1148 2251 1283 2308 oratione
1292 2251 1423 2308 delendi.
1439 2255 1502 2311 Per.

267 2340 340 2382 nun
350 2339 414 2379 m·
425 2337 494 2379 ml·
508 2351 544 2362 -
563 2335 678 2377 dmm
701 2336 862 2377 ⁸A¹⁴0²0¹¹¹³¹
886 2334 1018 2384 mmm·
1142 2340 1235 2409 Super
1243 2338 1354 2396 obtato.
1363 2369 1400 2381 —
1417 2343 1498 2396 Beati
1511 2342 1599 2399 llarci
1610 2344 1797 2416 evangelistae
1812 2348 1855 2404 tui
1878 2364 1929 2406 so·

223 2416 230 2423 '
481 2421 700 2467 ttfflfflssss'ffl
714 2424 828 2465 “Aml-
1108 2428 1260 2484 lemuitata
1270 2427 1322 2483 tibi
1340 2442 1467 2484 munera
1480 2430 1655 2499 deierantes,
1674 2448 1858 2504 quesumus,
1873 2437 1930 2494 Do·

269 2529 388 2597 Presta,
396 2541 580 2599 quesumus,
589 2525 777 2597 omnipotens
786 2527 874 2591 Deus,
885 2528 917 2580 ut
926 2524 979 2597 qui
987 2538 1055 2580 san·
1108 2517 1196 2583 mine,
1211 2521 1243 2572 ut
1256 2514 1781 2590 sicutillumpredioatioevangelica
1793 2521 1930 2594 lecitglo·

232 2624 344 2675 emtum
356 2621 475 2672 tuorum
485 2613 617 2678 Tiburtii,
627 2611 776 2670 Valeriani
789 2618 818 2668 et
829 2613 943 2668 Maximi
953 2611 1055 2668 solem·
1107 2602 1231 2670 riosum,
1243 2605 1284 2661 ita
1297 2619 1353 2660 nos
1367 2605 1434 2676 ejus
1447 2605 1620 2665 intercessio
1635 2615 1664 2664 et
1683 2611 1771 2667 serbo
1796 2617 1824 2668 et
1838 2627 1929 2684 opere

232 2703 284 2761 nia
298 2702 434 2767 colimus,
454 2716 559 2757 eorum
585 2701 673 2756 etiam
693 2698 818 2757 virtutes
832 2700 984 2758 imitemur.
999 2699 1054 2755 Par
1108 2692 1162 2751 tibi
1173 2691 1279 2750 reddat
1290 2700 1435 2765 acceptos.
1451 2693 1517 2750 Per.
1855 2752 1860 2762 ⁸

233 2788 393 2849 Dominum
410 2793 555 2845 nostrum.
1142 2782 1293 2852 Praefatio.
1307 2811 1342 2822 -
1357 2784 1427 2838 vere
1438 2781 1562 2852 dignum
1574 2788 1602 2840 et
1614 2784 1731 2854 justum
1742 2793 1798 2858 est,
1810 2803 1927 2861 aequum

265 1772 348 1828 Atro.
365 1769 504 1836 -Solita,
520 1784 706 1842 quaeamus,
721 1768 855 1838 Domine,
866 1782 922 1824 uos
944 1763 1053 1838 pietate

232 1859 359 1925 custodi,
376 1863 406 1914 ut
419 1856 667 1930 quilluigenititui
677 1855 818 1927 passione
831 1853 1053 1926 suntredcmpti,

175 1998 180 2005 .
234 1950 260 2020 ej
266 1964 300 2004 us
314 1945 534 2002 [insurrectione
544 1944 691 2000 letentur.
707 1944 762 1999 Per
775 1943 925 2000 eumdem.

269 2035 348 2091 Alia.
358 2033 585 2103 -Omnipotens
596 2031 773 2103 sempiterne
782 2032 869 2096 Deus,
877 2028 1055 2102 propensius

233 2121 474 2181 hisdiebustuam
483 2117 1055 2191 misericordiamconsequamur,quibus

234 2227 302 2268 eam
316 2208 442 2283 plenius,
456 2213 483 2264 te
496 2206 650 2278 largiente,
665 2200 874 2276 cognovimus.
885 2207 948 2275 Par,

268 2877 477 2951 superoblita.
490 2877 634 2932 -Hostia
640 2876 713 2943 hac,
723 2891 909 2949 quaesumus,
917 2873 1051 2941 Domlne,
1107 2876 1136 2926 et
1148 2869 1408 2935 salutare,uostibi
1421 2876 1573 2942 semperet
1584 2872 1692 2944 ubique
1705 2874 1928 2948 gratiasegare,
2033 2908 2034 2911 =

232 2984 322 3040 quam
330 2966 617 3023 sanctorumtuorum
625 2965 755 3021 natalitia
763 2971 949 3021 recensentes
959 2964 1054 3019 oileri-
1108 2957 1231 3014 Domine
1242 2957 1652 3032 sancte,Pateromn1potens,
1665 2965 1772 3018 aeterne
1785 2963 1929 3036 Deus,per

215 3072 311 3124 ·mus,
325 3062 354 3112 et
364 3054 482 3110 vincula
492 3059 600 3109 nostrae
613 3052 768 3124 pravitatis
788 3053 934 3119 absolvat,
953 3059 982 3107 et
996 3058 1053 3107 tuae
1067 3066 1089 3125 c
1108 3045 1258 3101 Christum
1268 3045 1428 3101 Dominum
1436 3051 1573 3102 nostrum
1584 3063 1594 3101 .·
1604 3049 1689 3119 cujus
1701 3051 1797 3119 gratia
1805 3050 1929 3107 beatum

233 3143 320 3200 nobis
334 3142 537 3198 misericordia
553 3141 786 3197 donaooncrliet.
803 3139 871 3196 Per.
1108 3136 1238 3192 llarcum
1250 3133 1280 3188 in
1293 3133 1489 3188 sacerdotium
1501 3134 1599 3204 elegit,
1611 3136 1750 3193 doctrina
1759 3139 1798 3195 ad
1822 3140 1929 3209 praedi-

268 3230 426 3301 Hroelotio.
439 3229 559 3284 -Vere
573 3227 699 3298 dignuin
708 3234 736 3284 et
744 3224 855 3298 jus'tum
866 3231 920 3295 est,
930 3242 1053 3299 aequum
1108 3212 1240 3278 candum
1255 3221 1372 3287 erudiit,
1381 3222 1556 3293 potentiaad
1562 3228 1814 3294 perseverandum
1822 3228 1931 3283 contir-

161 3328 163 3333 ’
231 3320 403 3383 creatutura,
421 3315 533 3373 nostibi
540 3331 664 3387 ,semper
676 3316 821 3388 etubique
828 3316 939 3385 gratias
952 3330 1051 3384 agere,
1107 3311 1252 3375 maritat
1265 3308 1754 3387 persacerdotaleminiulamitd8l
1762 3316 1930 3386 perveniret

230 3406 358 3463 Domine
370 3411 481 3469 sancte,
493 3407 577 3460 Peter
588 3405 785 3475 omnipotens,
797 3409 906 3459 aeterne
922 3403 998 3458 Deus
1009 3419 1014 3456 ε
1025 3408 1054 3458 et
1109 3397 1285 3469 admartyrii
1293 3397 1438 3469 palmam
1454 3398 1775 3474 docensquesubditos,
1784 3403 1930 3460 instruens

230 3499 258 3551 te
270 3495 300 3549 in
316 3497 484 3549 sanctorum
498 3498 662 3562 martyrum
677 3498 796 3548 tuorum
812 3489 968 3547 festivitate
987 3490 1054 3547 lau·
1106 3486 1227 3542 vivendi
1242 3485 1387 3557 exemplo,
1394 3486 1578 3542 confirmans
1584 3490 1737 3559 patiendo,
1750 3491 1791 3546 ad
1806 3499 1831 3548 te
1844 3507 1932 3548 coro-
2033 3522 2034 3525 =

231 3582 315 3651 dare,
326 3580 378 3654 qui
394 3595 553 3653 semperes
565 3578 1054 3636 mirabilisintuorumcommemo·
1106 3574 1224 3630 naudus
1230 3573 1404 3646 perveniret,
1411 3574 1460 3645 qui
1470 3581 1695 3646 persecutorum
1705 3580 1802 3634 mines
1810 3579 1932 3650 intrepi·

229 3670 344 3726 ratione
353 3675 538 3735 sanctorum,
547 3674 575 3724 et
584 3683 700 3738 magnas
709 3667 778 3724 fidei
786 3667 902 3737 largiris
908 3666 1052 3737 affectum,
1107 3663 1348 3735 dussuperasset.
1362 3661 1453 3732 Cujus
1467 3663 1658 3735 interventus,
1666 3680 1732 3732 nos,
1741 3682 1928 3737 quaesumus,

230 3761 259 3814 et
271 3757 460 3814 tolerantiam
475 3756 579 3812 uibuis
595 3758 780 3826 passionum,
796 3761 825 3812 et
835 3757 948 3829 antiqui
957 3756 1052 3811 hostis
1107 3765 1127 3806 a
1139 3750 1250 3806 nostris
1265 3749 1388 3805 mundet
1402 3748 1588 3823 delictis,qu1
1597 3750 1650 3808 ribi
1660 3753 1771 3825 placuit
1785 3761 1828 3812 tot
1836 3755 1930 3812 dono·

229 3843 304 3902 lacis
319 3846 454 3918 superari
468 3844 813 3916 machinamentum,qno
823 3845 933 3914 egregii
947 3850 1053 3915 marty·
1107 3854 1174 3895 rum
1189 3837 1404 3911 praerogativis.
1420 3837 1576 3911 Perquem
1591 3841 1783 3913 Maiestatem.

230 3947 277 3988 res
284 3932 326 3987 tui
332 3932 370 3986 ad
378 3930 554 4004 capiendam
561 3945 754 4002 supernorum
762 3930 974 3986 beatitudinem
981 3946 1054 4003 prea-
1459 3924 1516 3982 ag·
1531 3929 1563 3983 li.

232 4020 351 4076 miorom
369 4018 459 4074 nullis
476 4017 674 4091 impediantur
684 4017 855 4075 retinaculis
870 4018 1054 4075 blandimen-
1141 4011 1190 4068 Ad
1204 4011 1624 4082 demetendum-Trionem
1635 4014 1731 4083 nobis,
1740 4031 1929 4089 quaesumus,
2033 4082 2034 4087 ἵ

229 4111 339 4163 torum.
350 4105 403 4161 Per
415 4105 573 4162 caustum.
1107 4099 1483 4174 Domine,continuum85
1493 4107 1655 4160 tuasancta
1665 4105 1932 4178 presidiumquod

264 4192 313 4249 Aa
337 4193 553 4262 complendum.
575 4223 609 4233 -
632 4193 750 4250 coelesri
775 4209 896 4250 munere
912 4193 1052 4265 saginati,
1106 4187 1933 4262 beatillareievangelistoetuiprecibnsnosabomnibus
2033 4226 2034 4229 =

228 4296 416 4353 quaesumus,
431 4279 557 4336 Domine
569 4280 647 4336 Deus
654 4287 764 4350 noster,
774 4289 805 4338 ut
811 4282 871 4339 herc
883 4284 969 4339 nobis
982 4284 1053 4344 (355)
1107 4291 1221 4349 temper
1236 4284 1352 4334 tueatur
1370 4278 1511 4334 adversis·
1526 4279 1590 4336 Per.

229 4370 311 4425 dona
318 4373 479 4441 martyrum
487 4370 870 4428 tuorumintercessiabeata
877 4372 1051 4428 sanctificet.
1068 4410 1092 4470 D
1142 4406 1172 4447 ,v
1182 4406 1316 4447 mmm,
1326 4406 1395 4448 ml·
1409 4422 1446 4433 ..
1458 4407 1571 4448 „mm
1581 4408 1676 4450 mc„
1692 4395 1765 4458 (359)
1786 4410 1893 4453 mm

228 4458 293 4523 Per,
1428 4490 1603 4537 ⁰naarra1s.

279 4560 339 4636 84
350 4577 380 4618 ¹¹
394 4576 456 4620 ω·
471 4578 540 4619 ¹A11·
555 4591 591 4604 ···
604 4578 722 4621 Mmffi
744 4579 838 4623 &⁸⁰²¹
860 4564 998 4624 flmffllb
1143 4584 1261 4653 Prasia,
1267 4598 1454 4656 quaesumus,
1465 4584 1656 4657 omnipotens
1662 4586 1747 4653 Deus,
1759 4591 1793 4644 ut
1808 4588 1933 4647 interce·

567 4667 714 4709 “Mim-
1106 4670 1287 4729 dantebeato
1297 4671 1386 4728 vitale
1393 4676 1520 4745 martyre
1535 4678 1595 4743 tuo,
1610 4678 1637 4730 et
1653 4676 1790 4732 acunctis
1800 4676 1933 4734 adversi·

266 4766 354 4835 neus,
370 4765 422 4839 qui
433 4781 489 4823 noa
502 4765 582 4824 beati
597 4766 713 4841 Georgii
724 4768 864 4841 martyris
880 4768 922 4826 tui
944 4769 1052 4828 meritis
1106 4760 1216 4817 tatium
1224 4759 1384 4816 liberemur
1393 4760 1424 4817 in
1432 4777 1567 4834 corpore,
1578 4768 1629 4820 eta
1637 4764 1737 4835 pravis
1745 4766 1934 4836 cogitationi·

230 4857 260 4912 et
270 4854 480 4911 intercessione
490 4856 633 4927 lotiticas,
646 4857 777 4914 concede
791 4858 938 4930 propitius
949 4865 980 4915 ut
1001 4858 1052 4932 qui
1105 4846 1426 4906 buitffflssssdemurin
1440 4851 1769 4910 menie·Perl]0minum
1787 4858 1931 4912 nostrum.
2033 4890 2034 4897 .

1140 4937 1398 5007 Superstitem·
1416 4942 1546 5011 Accepta
1570 4941 1607 4997 sit
1632 4940 1664 4997 in
1692 4947 1855 5016 conspectu
1868 4950 1933 5002 tuos

265 5029 516 5088 ·Deestlmctms
527 5030 555 5085 in
579 5030 647 5097 cod,
676 5033 746 5103 lieg.
762 5033 843 5088 Suae.
875 5032 906 5086 ln
932 5032 1051 5106 Kalend,

229 5100 308 5155 Rom.
323 5101 420 5172 legitur
436 5102 627 5158 Maximiani.
644 5103 869 5157 Observatloan.
895 5103 1007 5169 Fronto,
1023 5104 1051 5159 in
1104 5103 1224 5161 Litonia
1243 5107 1344 5174 major,
1367 5103 1442 5163 nulla
1464 5108 1553 5165 sancti
1574 5107 1653 5165 llarci
1680 5108 1753 5165 facta
1782 5112 1931 5180 mentione,
2033 5084 2034 5153 Ξ

229 5170 588 5242 Kalend.iiom.,l1orimi
605 5188 711 5227 nomem
731 5177 760 5229 in
774 5173 972 5244 antiphonario
985 5190 1052 5247 quo·
1105 5184 1288 5248 praeterquam
1302 5179 1374 5248 apud
1384 5177 1507 5243 Pamel„
1519 5180 1565 5234 ubi
1577 5180 1648 5235 intro
1667 5182 1783 5237 uncinos
1813 5183 1932 5240 includi·

229 5257 283 5314 que
296 5244 437 5297 omissum.
1106 5257 1167 5301 tur:
1183 5246 1318 5315 Officium
1330 5255 1422 5302 sonate·
1434 5249 1620 5322 soresmos
1634 5249 1779 5324 signilioat
1790 5252 1821 5311 in
1841 5255 1931 5330 antiq.
2033 5258 2034 5261 ’

265 5312 377 5367 babest
392 5320 551 5383 niortprssa
565 5311 688 5371 Kalend.
713 5310 792 5367 Rom.
828 5312 858 5367 ln
882 5312 951 5372 Cod.
980 5315 1049 5386 Reg.
1105 5315 1245 5372 codicibus
1260 5316 1418 5373 desiderari.
1670 5380 1674 5388 ¹

230 5383 310 5447 Suec,
324 5389 386 5455 post
397 5384 589 5439 nototmcocti
598 5383 724 5453 Georgia,
740 5383 842 5454 legitur
853 5390 880 5441 et
893 5386 991 5442 eoacti
1003 5387 1051 5443 lie·
1142 5385 1155 5427 d
1170 5386 1252 5442 idest
1283 5387 1508 5445 Benedicticncm
1518 5392 1641 5463 require.

229 5454 292 5525 poti
298 5456 431 5523 episcopi.
1084 5494 1088 5501 ⁴
1140 5467 1154 5498 θ
1168 5457 1253 5513 Abest
1265 5460 1408 5528 martyris
1420 5458 1455 5514 ab
1469 5460 1519 5517 Ed.
1528 5462 1630 5523 Pamel.
1642 5469 1669 5519 et
1682 5483 1698 5521 a
1712 5465 1828 5524 Kalend.
1850 5469 1931 5527 Rom.

264 5524 322 5579 clu
335 5521 452 5580 Kalend.
466 5523 544 5578 Rom.
557 5521 626 5577 etin
637 5521 709 5581 Edit.
731 5521 848 5594 Pamel,
878 5526 1052 5582 consentien·
1142 5526 1281 5594 ‘Psarela
1297 5530 1447 5589 reluctante
1459 5533 1525 5592 Cod.
1541 5536 1610 5614 aeg.
1624 5537 1818 5599 suseetutis
1842 5540 1932 5615 Mea,
2033 5572 2034 5577 κ

231 5590 306 5679 tibus
319 5594 388 5653 iles.
404 5595 472 5679 lteg.
488 5593 580 5673 Suae,
595 5593 689 5669 0tiriolo.
723 5594 856 5683 theoder.
886 5604 914 5655 et
931 5597 1050 5673 Genea,
1107 5597 1265 5687 liberem
1283 5600 1412 5687 iamenu
