4022 6174
192 220 251 285 tta

572 214 611 278 IN
631 216 664 279 S.
686 212 867 279 ennoean
886 208 1027 274 LIBRUM
1047 207 1378 277 sternutamentis
1392 214 1512 278 NOTAE.

1838 214 1894 281 att
1923 156 1934 175 ι

107 416 111 421 ¹
191 350 232 409 tib
265 368 293 415 ιι,
304 366 365 420 cap.
384 348 428 405 l'l.
439 347 624 403 dalmaticam
638 349 794 420 appellant,
809 347 893 402 blissa
906 346 942 400 ab
955 343 1019 416 llly—
1036 344 1059 407 d
1074 349 1253 415 gemmatam
1268 346 1297 402 in
1313 347 1406 419 capite
1428 353 1541 418 gestare
1555 312 1723 415 xcoronam;
1747 347 1822 420 quod
1844 347 1894 403 elsi

192 423 251 480 rico
263 423 340 475 edita
355 418 551 490 palmalicam‚
565 422 615 475 sed
628 421 780 489 legendum
797 418 981 474 dalmaticam.

227 495 290 552 Oli.
308 492 343 547 in
354 490 558 547 tintinnabulis,
572 494 613 547 Ad
629 491 848 548 similitudinem
864 486 1020 545 sacerdotis

87 596 90 605 ι
192 563 336 622 huronici.

227 636 290 691 tta.
310 634 413 706 diptica
426 634 463 688 Le
483 633 639 702 edlirificc.

228 708 291 762 Old.
312 706 435 763 Monice.
465 650 538 761 bunt
565 705 746 762 chirotheca.
781 706 852 760 Nam
879 701 957 758 inira
990 700 1019 756 in

192 780 295 836 endem
309 777 393 832 Missa
419 775 548 831 Paschali
566 779 621 833 :Et
648 784 731 832 cenot
755 776 884 838 manicos,
900 774 1020 843 lavetque

162 900 166 905 .
192 866 297 906 monas.
323 850 352 904 ln
381 848 468 903 blissa
492 848 528 902 ab
552 847 661 919 illyrico
685 849 763 903 edila
786 846 890 972 tegitur
910 844 954 899 Ad
978 845 1021 898 in·

191 921 314 977 ducendas
323 936 431 1046 manag}
446 918 575 976 Meminit
589 922 644 976 Leo
659 918 808 984 Ostiensis,
828 918 870 975 ib.
885 915 1019 972 nChron.

193 994 347 1057 Casin.,ca
371 1034 377 1045 .
434 1034 440 1045 .

228 1064 290 1119 Oli.
312 1009 400 1119 Dabar
414 1062 442 1116 ri
455 1061 585 1116 annulus.
608 1062 639 1116 ln
662 1061 745 1118 blissa
769 1058 883 1132 lllyrici,
910 1058 959 1113 Aa
972 1074 1021 1112 nn·

190 1135 298 1189 nsrltrm.
316 1135 346 1189 ln
361 1133 464 1191 Codice
479 1132 603 1194 liutoldi,
620 1133 867 1204 quemadmodum
878 1133 907 1185 el
926 1129 954 1184 in
971 1130 1020 1185 Sa·

192 1205 391 1262 eramentariis
402 1203 484 1259 editis
500 1204 720 1259 inordinatione
734 1202 859 1275 episcopi
884 1202 969 1257 datur
994 1199 1020 1256 ei

192 1277 327 1332 annulus.
344 1277 425 1341 Quod
454 1275 541 1331 etiam
571 1275 722 1330 sidereest
746 1275 774 1329 ia
797 1272 916 1329 concilio
941 1271 1021 1328 'lole-

191 1352 262 1403 lano
273 1365 308 1409 tr,
323 1363 387 1403 can.
403 1348 437 1401 bl
447 1364 453 1401 ε
465 1344 495 1401 sc
507 1347 644 1418 episcopus
658 1353 704 1409 est,
722 1346 859 1409 orariam,
874 1342 1018 1407 annulum,

191 1426 217 1475 et
229 1418 368 1475 buculam.
386 1418 493 1472 Manlio
506 1418 538 1472 fit
554 1417 582 1472 in
599 1417 662 1471 Vita
677 1416 767 1471 sancti
784 1415 870 1471 Birini
896 1431 911 1470 e
933 1412 1020 1485 iseopi

194 1488 411 1554 dorcestrensis,
429 1489 505 1559 apud
520 1489 676 1551 Surium,3
701 1487 874 1551 Decembris,
903 1432 938 1541 <be
957 1486 1020 1609 eliu·

191 1560 515 1632 eorporis-detectione:
543 1559 672 1614 iacentes
695 1566 735 1615 est
757 1574 861 1630 quoqne
885 1573 962 1612 annn
976 1573 1019 1625 us,

192 1633 307 1702 itemque
319 1648 392 1687 cruc
404 1630 538 1701 plarnbeo.
552 1630 655 1686 Mirum
671 1634 769 1686 tamen
781 1631 816 1684 de
826 1646 861 1685 eo
874 1627 1019 1683 silentium

1074 416 1894 492 convenirepossitatiisblediolaniepiscopis,quospostea

1074 486 1174 543 laudat
1189 489 1343 557 Euhodiae,
1361 491 1429 546 nihil
1447 495 1544 548 tamen
1570 491 1664 547 simile
1680 491 1736 547 illis
1751 492 1890 547 attribuit.

1073 559 1130 615 Nec
1145 561 1260 615 obstant
1275 562 1324 617 illa
1339 579 1402 632 quur
1426 578 1460 617 ex
1486 563 1604 618 Eusebio
1620 565 1824 634 producuntur,
1840 562 1890 620 lib.

1074 646 1091 685 x
1116 630 1186 685 nist.
1213 632 1294 699 ecel,
1321 649 1386 703 cap.
1417 632 1445 698 4,
1474 632 1503 688 in
1535 635 1670 689 Oratione
1696 632 1892 707 panegyrica:

1073 698 1164 756 Amici
1180 705 1229 758 Dei
1242 711 1268 758 et
1281 704 1439 769 smerdotes,
1464 705 1513 776 qni
1524 712 1691 761 sacrosancto
1707 705 1804 778 podere
1817 705 1895 760 inda·

1073 780 1161 827 mento
1174 775 1287 839 calesti,
1298 778 1390 846 pluria
1402 792 1510 843 corona,
1522 776 1618 832 dioiaa
1631 778 1758 832 tinctione
1768 783 1793 832 cl
1803 782 1895 831 sancto

1073 844 1161 899 suncti
1172 844 1371 971 Sgt'ritarstola
1385 849 1585 903 circumvestiti.
1614 849 1647 902 m
1660 849 1690 903 in
1716 847 1895 920 llpologetiea

1074 916 1165 970 sancti
1208 919 1310 988 negocii
1326 918 1496 974 Nazianzeni
1519 935 1525 974 :
1547 919 1653 975 idcirco
1680 935 1720 974 rnc
1745 920 1896 992 pontificem

1073 988 1163 1058 nupia,
1186 994 1211 1042 et
1231 989 1330 1058 pudere
1351 988 1446 1060 cinqis,
1472 990 1606 1062 capitique
1633 990 1750 1045 cidarim
1774 991 1894 1062 imponis,

1073 1066 1152 1129 atqcue
1166 1059 1323 1129 spiritualis
1338 1060 1484 1115 holocausti
1497 1060 1588 1116 ultori
1610 1061 1739 1116 admones.
1755 1062 1827 1116 Nam
1844 1060 1898 1116 ista

1074 1136 1340 1186 commemorantur
1350 1133 1386 1187 ad
1396 1132 1498 1188 veteris
1508 1133 1658 1187 sacerdotii
1670 1131 1895 1188 similitudinem.

1073 1200 1131 1255 Nec
1145 1217 1197 1255 nos
1211 1208 1364 1258 morantur
1378 1203 1495 1259 tamine
1510 1203 1679 1269 illaeaureae,
1689 1221 1759 1275 quas
1770 1203 1797 1258 in
1807 1202 1898 1260 tronto

1073 1276 1201 1343 gestasse
1218 1273 1314 1329 lerunt
1327 1288 1443 1330 sanctos
1465 1275 1606 1330 loannem
1627 1280 1656 1331 et
1674 1276 1823 1339 iacobum,
1838 1279 1896 1329 tum

1074 1342 1210 1413 quianon
1226 1349 1294 1399 sunt
1307 1361 1429 1410 coronae,
1455 1361 1507 1401 nec
1521 1346 1634 1409 cidaris,
1650 1363 1701 1401 nec
1721 1347 1807 1401 mitra
1819 1363 1826 1411 ;
1837 1350 1897 1401 lum

1074 1413 1152 1485 qnia,
1164 1421 1195 1470 ut
1210 1417 1239 1470 in
1250 1415 1290 1472 eis
1301 1416 1453 1488 incoepere,
1465 1416 1505 1473 sie
1519 1417 1547 1472 in
1573 1421 1613 1473 eis
1638 1417 1756 1474 desiere.
1772 1418 1813 1473 nd
1830 1417 1897 1473 illud

1074 1487 1224 1556 veroqaod
1237 1486 1572 1559 obiiciturethmiauo
1585 1488 1897 1554 Marcellino,lib.1xtn,

1073 1556 1121 1611 ubi
1136 1557 1232 1612 scribit
1244 1559 1409 1615 Firmumin
1425 1559 1519 1615 hiriea
1531 1559 1647 1623 victum,
1662 1559 1898 1631 ulsibiquodam·

1073 1629 1160 1682 modo
1175 1629 1366 1685 Theodosium
1391 1630 1595 1699 imperatorem
1621 1630 1797 1697 conciliaret,
1817 1630 1898 1701 signa

191 1707 236 1759 est
259 1704 333 1774 apud
365 1702 527 1766 dicuinum,
558 1700 747 1765 Arnalarium,
777 1705 806 1755 et
834 1701 982 1756 Rabanum
1011 1698 1899 1766 ;Bmilitaria,eteoronamsacerdotalemcumeaeterisma·

191 1775 269 1900 quod
282 1775 353 1829 satis
367 1774 476 1829 indicat
498 1772 641 1828 diversum
669 1771 739 1827 olim
756 1771 841 1827 luisse
856 1771 944 1827 ritum
968 1786 1019 1843 pro

212 1845 357 1901 iversitate
371 1850 533 1916 temporum
543 1844 716 1899 etlocornm.

226 1917 288 1972 att.
311 1915 417 1971 Casula.
435 1920 473 1970 tte
495 1916 593 1971 casula
617 1916 696 1986 Hugo
725 1930 743 1969 a
767 1917 867 1970 sancto
892 1912 1017 1978 Victore,

191 1985 260 2043 libr
276 1988 311 2044 de
326 1985 529 2050 Sacramenlis‚
544 2003 610 2057 eap.
628 1986 664 2041 50
681 2002 686 2041 ;
701 1985 800 2041 Casula
821 2000 882 2056 que
904 1985 1020 2056 plancta

190 2058 307 2124 dicitur,
320 2058 442 2113 munibus
462 2058 627 2113 indumentis
650 2057 855 2128 superponitur,
866 2073 917 2127 per
938 2072 1020 2127 quarn

191 2129 497 2201 cbarilasintellipitur,
523 2128 690 2185 stnomnibus
701 2128 847 2182 uirtutibus
857 2129 1020 2181 cnrinentior

189 2201 309 2256 os‘detur.
323 2200 388 2255 Hoc
401 2217 484 2269 super
530 2207 624 2254 atrurn
634 2199 775 2253 brachium
785 2198 900 2261 leuatur.
913 2197 1019 2252 muni-

190 2272 217 2326 ci
231 2272 261 2326 in
273 2274 323 2326 Oea
337 2279 464 2326 ementur
479 2271 702 2341 ;rrplicalurqne
714 2286 795 2338 super
819 2269 973 2333 sinistrum,
989 2276 1019 2323 ul

191 2342 303 2397 inimici
311 2349 426 2411 propter
440 2341 526 2396 Deum
540 2341 704 2411 dilipnntnr.
721 2342 831 2395 Caetera
847 2340 911 2395 vide
926 2340 955 2395 in
969 2341 1019 2396 ob·

191 2412 401 2468 certationibus
415 2412 519 2466 nostris
534 2413 570 2466 ad
585 2411 772 2466 concordiam
789 2412 964 2482 regularum.

227 2484 289 2539 946.
310 2484 464 2541 Rationale.
478 2484 525 2537 Est
539 2490 738 2538 ornamentum
755 2483 900 2553 quoddam
926 2486 1019 2563 pecto·

192 2554 263 2621 rale,
279 2556 315 2611 ad
330 2554 548 2610 similitudinem
561 2554 637 2610 illius
650 2571 706 2625 quo
721 2556 875 2610 utebantur
895 2553 964 2609 olim
978 2553 1019 2610 le·

191 2626 450 2701 galessaccrdoles.

228 2700 290 2753 tl'l.
310 2698 481 2768 Manipnlus.
497 2696 576 2752 Alias
602 2713 649 2752 ma
673 2695 739 2767 puta
765 2697 840 2767 apud
856 2695 1018 2768 Alcuinum,

191 2771 221 2825 et
239 2768 355 2841 phanee
371 2770 447 2840 apud
465 2770 623 2824 Rabanum.
649 2714 683 2823 bt
707 2768 766 2823 haec
780 2769 815 2823 de
841 2766 1020 2823 ornamentis

190 2840 371 2966 pontificum,
388 2856 451 2911 quae
464 2839 534 2895 satis
550 2845 681 2897 accurate
692 2837 739 2894 hie
751 2844 944 2901 recensentur,
960 2838 1021 2892 nul-

202 2917 331 2968 alamen
346 2911 440 2966 mitrae
457 2911 534 2965 iacta
549 2910 695 2966 inentione
709 2926 716 2973 3
732 2909 910 2981 eujusetiam
927 2908 955 2963 ia
972 2912 1020 2965 Sa-

189 2983 389 3038 cramentariis
414 2981 518 3036 nostris
535 2999 614 3046 mss,
644 2981 673 3035 in
699 2980 853 3035 Ordinibus
877 2981 1017 3048 Romano,

1073 1769 1177 1833 nablis,
1192 1788 1254 1842 quae
1268 1773 1414 1844 regionem
1430 1773 1510 1828 illam
1532 1774 1731 1845 depopulando
1752 1776 1896 1844 rapuerat,

1073 1841 1240 1909 restituisse,
1256 1847 1288 1897 ut
1301 1849 1475 1915 prreceptum
1500 1850 1552 1911 est,
1566 1845 1628 1899 dico
1659 1845 1753 1900 locum
1777 1861 1837 1900 esse
1862 1845 1898 1900 de

1073 1928 1180 1968 corona
1207 1914 1364 1969 sacerdotis
1392 1914 1513 1987 alicujus
1541 1914 1646 1972 ethnici
1670 1915 1896 1988 intelligendum,

1074 1985 1331 2041 nondumomnino
1353 1990 1413 2041 tum
1429 1985 1529 2042 avulsa
1553 1987 1721 2060 gentilitate.
1742 1987 1897 2043 Coronatus

1073 2053 1142 2109 olim
1156 2057 1318 2112 sacerdotes
1332 2057 1481 2128 gentilium
1507 2058 1536 2112 in
1561 2057 1648 2113 sacris
1679 2058 1765 2113 luisse
1793 2061 1898 2113 norunt

1074 2142 1185 2182 omnes.
1201 2128 1230 2182 ld
1239 2127 1357 2197 planum
1368 2134 1411 2183 cst
1421 2146 1453 2184 er
1462 2129 1649 2194 Tertulliano,
1660 2129 1732 2184 libro
1741 2130 1776 2184 de
1787 2128 1898 2186 Corona

1073 2196 1192 2252 militis:
1207 2200 1270 2270 lpse
1292 2200 1404 2271 densique
1426 2200 1511 2270 sores,
1538 2207 1563 2254 et
1577 2202 1644 2271 ipsa
1670 2200 1774 2266 metite,
1786 2206 1810 2255 et
1827 2216 1896 2265 cre,

1073 2269 1129 2335 ipsi
1146 2269 1273 2324 ministri
1285 2278 1311 2326 et
1325 2271 1475 2325 cacumin
1492 2287 1584 2327 corum
1598 2279 1773 2327 coronantur.
1800 2272 1834 2327 nt
1847 2271 1896 2328 lib.

1074 2340 1109 2395 de
1123 2340 1297 2410 Spectaculis
1312 2356 1318 2395 z
1332 2343 1376 2397 An
1399 2343 1454 2397 Dru
1469 2342 1584 2412 placebit
1600 2345 1699 2413 assrigm
1723 2342 1769 2398 iiie
1784 2350 1823 2397 tot
1836 2344 1897 2398 nni·

1073 2426 1181 2466 marum
1195 2413 1370 2484 inquietator,
1388 2419 1426 2468 lot
1439 2414 1581 2483 turianum
1593 2415 1729 2479 minister,
1742 2421 1779 2469 tot
1794 2420 1900 2469 statne·

1074 2498 1136 2537 rum
1150 2483 1224 2539 celat
1239 2484 1360 2539 sacerdos
1374 2492 1515 2541 coronatus
1531 2491 1577 2551 ;et
1595 2490 1695 2540 sancto
1706 2485 1856 2557 tlypriano,
1868 2485 1898 2541 in

1074 2552 1210 2609 Oratione
1225 2555 1359 2627 delapsis
1372 2555 1477 2610 :Frons
1486 2557 1633 2627 cumsipnc
1643 2556 1697 2614 Dei
1705 2573 1787 2627 pura,
1798 2556 1900 2612 dioboli

1073 2640 1198 2679 monam
1210 2626 1286 2698 serre
1308 2644 1362 2681 nen
1374 2628 1464 2697 potnit
1479 2626 1534 2692 ;ibi
1548 2628 1625 2681 enim
1644 2627 1739 2699 agitur
1763 2628 1799 2683 de
1811 2628 1900 2684 sacris

1074 2694 1228 2753 idolorum.
1255 2698 1287 2752 El
1317 2712 1351 2753 ex
1376 2696 1506 2765 coneilio,
1524 2697 1708 2764 Eliberitano,
1732 2714 1798 2755 can.
1832 2699 1867 2754 55
1890 2714 1897 2756 :

1073 2765 1228 2821 Sacerdotes
1239 2768 1288 2838 qai
1300 2773 1405 2824 tanturn
1415 2768 1633 2840 sacrificantium
1644 2777 1897 2841 coroaampurtont,

1073 2853 1120 2891 nec
1147 2840 1311 2910 sacrificant.
1326 2855 1376 2896 aec
1394 2837 1426 2895 dc
1438 2842 1496 2895 suis
1512 2840 1664 2911 snsnptibns
1690 2841 1797 2914 aliquid
1816 2841 1900 2898 idolis

1071 2914 1215 2979 prostant,
1231 2911 1340 2978 placuit
1352 2918 1411 2981 post
1432 2910 1570 2965 biennium
1597 2914 1718 2983 occipere
1740 2914 1901 2968 mmmnnio·

1072 2996 1145 3035 nem.
1160 2979 1235 3035 otim
1251 2979 1280 3036 in
1295 2982 1383 3036 sarcis
1398 2981 1507 3037 Cereris
1529 2982 1741 3055 hierophantes,
1766 2988 1793 3040 et
1806 2983 1901 3039 hiero·

189 3059 218 3109 et
232 3053 351 3118 Titiano,
367 3053 395 3107 in
413 3051 567 3121 pontitieali
582 3069 633 3107 ms.
648 3052 724 3122 quod
737 3056 867 3107 servatur
881 3051 908 3105 in
920 3056 1020 3133 sacris·
1038 3050 1236 3134 ephantides,
1250 3057 1279 3133 et
1293 3052 1450 3116 deductim,
1468 3054 1521 3108 hoc
1534 3058 1578 3109 est
1592 3055 1755 3124 lampadem
1771 3059 1900 3125 gestans,

194 3123 234 3179 tia
246 3124 345 3179 eeeles.
362 3124 496 3179 Rothnm.
508 3130 536 3178 et
548 3128 663 3194 putator
678 3139 739 3178 esse
753 3122 922 3189 Rbemense‚
936 3124 1020 3179 Missa
1073 3121 1193 3192 altaque
1203 3123 1370 3178 sacrsliculie
1381 3128 1493 3195 myrlea
1501 3141 1607 3180 corona
1615 3126 1812 3195 cingebantur.
1826 3130 1901 3182 ulex

191 3195 227 3251 ab
240 3195 350 3268 illyrico
362 3197 449 3258 edita,
466 3196 541 3266 apud
554 3193 714 3253 Alcuinum.
726 3194 915 3255 Amalarium,
930 3195 1020 3250 Raba-

142 3290 147 3297 ·
191 3282 272 3333 num,
284 3271 311 3321 et
325 3266 396 3321 alios
409 3265 542 3335 antiquos
566 3267 726 3336 scriptores,
742 3266 787 3346 qui
806 3266 840 3320 de
855 3264 964 3321 Officiis
979 3264 1020 3320 di-

191 3337 264 3393 vinis
276 3342 443 3401 tractavere,
459 3342 666 3393 eternamenta
677 3336 851 3406 pontificalia
860 3342 1018 3402 recensent,

191 3408 299 3464 mirum
312 3408 509 3464 estsilentium
526 3425 533 3475 ;
549 3410 588 3463 ita
605 3414 634 3464 ut
647 3407 807 3462 existimem
824 3407 949 3463 rixante
970 3425 1021 3463 an·

193 3496 261 3536 num
275 3486 339 3552 post
351 3480 493 3536 Christum
509 3487 609 3537 natum
626 3478 813 3533 millesimum
825 3479 920 3534 mitrae
936 3496 1019 3535 usum

191 3550 221 3606 in
238 3551 361 3608 Ecclesia
377 3551 473 3614 luisse,
491 3568 577 3621 quem
587 3553 692 3677 postea
706 3551 782 3605 ctare
800 3549 928 3605 videmus
944 3552 1019 3622 apud

192 3625 306 3678 Petrum
328 3622 470 3687 Damiani,
486 3639 573 3679 serm.
626 3623 662 3677 de
677 3621 856 3677 dedicatione
868 3637 875 3686 ;
887 3626 1019 3677 sanctum

191 3694 378 3758 Bernardum,
401 3694 482 3764 epist.
501 3694 553 3762 lO;
571 3695 753 3764 tlugonema
774 3698 873 3747 sancto
897 3693 1018 3758 Victore,

191 3764 240 3821 lib.
257 3782 266 3822 1
281 3766 317 3822 de
331 3764 532 3823 Sacramentis.
548 3781 610 3835 cap.
633 3765 679 3829 lib,
696 3768 724 3819 et
740 3764 846 3819 multos
861 3763 943 3823 alios.
971 3764 1019 3835 qui

190 3842 290 3908 postea
303 3838 470 3893 floruerunt.
484 3839 579 3901 Ouare
590 3852 646 3890 non
657 3834 798 3891 assentior
813 3835 847 3889 iis
862 3835 910 3906 qui
921 3834 1020 3891 dieunt

190 3909 285 3964 mitrae
311 3925 392 3964 usum
410 3908 445 3963 ab
457 3906 525 3979 ipsis
546 3906 661 3962 duxisse
673 3906 820 3977 apostolis,
835 3911 864 3960 et
885 3905 1019 3977 antiquos

190 3979 337 4051 episcopos
350 3996 456 4034 corona
469 3995 536 4034 usos
552 3979 649 4043 inisse,
663 3978 739 4048 quod
748 3979 868 4033 suadere
878 3984 1020 4033 conantur

191 4066 226 4106 ex
237 4050 446 4122 epigrammate
456 4051 490 4105 Π
504 4050 626 4106 Ennodii
639 4050 674 4105 do
689 4049 748 4105 vita
762 4054 790 4105 el
799 4048 926 4105 muribus
939 4066 1020 4106 sane-

190 4120 388 4178 tianensis:

268 4209 344 4260 Serta
359 4210 499 4259 redimitus
512 4208 634 4271 gestabat
648 4208 739 4258 lueida
750 4207 847 4265 fronte,

299 4272 459 4322 Distinctum
470 4272 584 4335 gemmis
598 4284 643 4319 oro
658 4270 771 4334 parabat
785 4284 862 4334 opus.

189 4352 231 4407 lta
246 4351 324 4406 enim
339 4351 491 4422 legendum
503 4355 546 4407 est
560 4367 567 4405 :
579 4351 646 4415 Oua
659 4366 728 4405 sane
744 4365 829 4404 nemo
844 4353 887 4405 est
901 4348 950 4431 qui
961 4365 1018 4406 non

190 4422 286 4477 rideat
297 4421 490 4504 metaphorice
505 4421 560 4477 diei
576 4422 610 4476 de
622 4422 736 4492 pudore.
764 4421 944 4481 verecundia,
958 4437 1018 4475 mo·
1034 4432 1057 4492 ι)

186 4493 292 4557 ,ἀεειίιι
306 4496 456 4565 gravilate,
472 4491 657 4549 absimilibus
673 4491 831 4555 virtutibus,
848 4508 912 4562 qum
925 4492 953 4545 in
969 4508 1018 4547 ore

191 4563 277 4636 hujus
287 4563 459 4619 sanctissimi
473 4563 614 4635 pontificis
625 4561 797 4627 emicabant,
810 4579 930 4645 quaeque
943 4562 1017 4620 inter

191 4635 420 4692 concionandum
434 4637 470 4691 ob
482 4635 610 4690 divinam
624 4633 676 4689 riri
686 4635 880 4705 eloquentiam
895 4634 1020 4691 maxime

192 4707 377 4778 effulgebant,
388 4709 465 4778 quod
477 4705 547 4762 satis
561 4722 595 4761 ex
610 4692 653 4760 his
668 4706 770 4769 verbis,

254 4795 413 4846 distinctum
428 4796 542 4860 gemmis
555 4809 600 4846 ore
613 4793 726 4859 parabat
739 4807 817 4860 opus,

186 4875 380 5003 ffinilestum
394 4880 438 4932 est
451 4892 458 4943 ;
470 4892 533 4948 quae
546 4878 634 4932 etiam
650 4880 749 4947 patent
763 4892 796 4931 ex
808 4873 953 4947 superiore
966 4873 1021 4932 dis·

215 4963 230 5003 c
252 4965 372 5149 ⁰3⁵⁸
388 5026 501 5109 Roscida
514 5027 632 5109 regifico,¹
653 5027 696 5078 eui
711 5025 785 5077 fulsit
801 5027 902 5108 murico
916 5025 1019 5091 lingua,

307 5112 351 5149 ora
363 5112 412 5149 suo
421 5112 536 5163 pingens
549 5110 673 5164 germana
686 5112 745 5163 quas
757 5098 853 5153 voluit.

191 5188 248 5244 Nec
259 5203 329 5244 sanc
337 5204 475 5261 magnum
485 5187 540 5244 luit
549 5187 700 5244 Ambrosio
711 5186 805 5244 laudis
817 5190 1020 5259 argumentum

229 5352 238 5377 ·
257 5341 382 5397 Veterem
408 5340 489 5397 etiam
504 5342 592 5397 sancti
611 5338 737 5412 Gregorii
753 5337 913 5410 imaginem,
940 5354 1021 5409 quam

194 5412 309 5469 exCod.
327 5430 378 5468 ms.
409 5412 435 5467 in
462 5414 555 5469 limine
583 5429 640 5468 sue
667 5410 733 5465 edit.
761 5408 891 5464 delineari
916 5410 1022 5463 curarit

193 5485 348 5550 benardus,
372 5484 425 5539 huo
452 5483 649 5543 revocavimus,
680 5488 736 5535 tum
761 5487 789 5557 ut
804 5494 836 5533 ea
859 5494 922 5551 quae
947 5480 1022 5534 dicta

195 5564 259 5611 sunt
272 5555 421 5612 claritatem
447 5571 554 5631 quoque
566 5570 602 5610 ex
616 5553 677 5626 ipsa
697 5551 856 5623 accipiant3
882 5557 937 5605 tum
957 5550 1023 5625 quia

1073 3194 1145 3248 lstro
1160 3193 1250 3250 refert
1261 3194 1428 3251 scholiastes
1441 3195 1587 3267 Sophoclis
1602 3198 1639 3252 ad
1651 3197 1741 3268 OEdip
1781 3213 1811 3251 m
1820 3197 1902 3253 Colo·

1074 3280 1183 3321 naum.
1204 3266 1263 3320 lmo
1279 3265 1339 3336 ipse
1353 3266 1554 3332 tertullianus,
1570 3267 1618 3323 lib.
1634 3270 1720 3323 citato
1735 3214 1778 3323 bb:
1788 3270 1904 3325 Corona

1073 3334 1174 3391 militis
1188 3340 1274 3418 negat
1289 3354 1403 3407 prorsus
1416 3337 1571 3409 apostolos,
1587 3339 1777 3411 evangelistas
1797 3343 1827 3394 et
1840 3338 1902 3410 epi·

1073 3422 1174 3478 scopos
1190 3406 1276 3463 luisse
1291 3414 1453 3471 coronatos.
1477 3412 1553 3480 quod
1579 3410 1733 3465 contrariae
1752 3411 1903 3468 sententiar

1074 3478 1242 3534 adversatur
1254 3496 1260 3535 :
1270 3479 1332 3534 Non
1345 3480 1473 3552 denique,
1487 3480 1780 3553 inquitputriurrbes,
1795 3481 1901 3551 tenitas,

1073 3549 1264 3613 uutsacerdna,
1284 3558 1332 3606 unt
1346 3552 1461 3607 arabon.
1483 3552 1548 3617 Onia
1572 3552 1612 3607 oei
1636 3560 1730 3624 postea
1754 3552 1900 3624 apostalae,

1073 3626 1122 3674 aut
1147 3621 1320 3692 euangelista,
1336 3631 1384 3677 ont
1412 3623 1548 3694 episcopus
1565 3625 1706 3679 invenitur
1725 3624 1904 3679 coronatus?

1075 3689 1187 3747 Scilicet
1201 3697 1261 3746 tam
1275 3694 1409 3763 antiquus
1424 3694 1523 3748 doctor
1537 3694 1687 3767 ignorabat
1714 3695 1903 3750 traditionem

1073 3762 1259 3832 apostolicam
1275 3761 1394 3835 illaque
1404 3764 1509 3821 trustra
1522 3767 1677 3821 ostendunt
1695 3766 1813 3837 quidam
1828 3783 1904 3822 non·

1073 3832 1218 3888 nullorum
1232 3834 1388 3905 priscorum
1402 3835 1601 3907 episcoporum
1617 3837 1728 3901 mitras,
1748 3837 1815 3908 quia
1835 3836 1904 3891 illo-

1071 3918 1136 3959 rum
1154 3904 1240 3961 luisse
1262 3905 1375 3976 probari
1397 3922 1455 3961 non
1479 3912 1581 3978 potest,
1598 3907 1656 3964 imo
1671 3908 1701 3963 in
1727 3909 1903 3980 quibusdam

1073 3981 1212 4047 apparent
1236 3979 1318 4047 signa
1354 3982 1498 4048 pretenta.
1524 3978 1688 4050 antiquitati
1712 3978 1899 4051 derogantis.

1073 4045 1169 4112 Qualis
1180 4051 1277 4103 autem
1290 4048 1372 4103 luent
1382 4048 1565 4120 antiquorum
1575 4050 1906 4106 mitrasicdoeetauclor

1072 4118 1175 4173 veteris
1186 4118 1368 4191 etymologici
1380 4137 1387 4175 ε
1400 4121 1498 4190 Μῖτραι
1512 4125 1606 4194 nuptos
1617 4122 1641 4174 ci
1656 4120 1706 4173 ἀπὸ
1726 4130 1844 4194 pacatas
1856 4126 1906 4174 καὶ

1073 4189 1174 4263 duplos
1213 4195 1342 4263 γινόμενοι
1379 4195 1509 4265 eriperet,
1542 4195 1566 4245 is
1594 4198 1759 4266 καταχρὴσιι
1787 4188 1817 4245 d'r
1853 4199 1906 4254 πᾶς

1074 4264 1198 4333 στέφανος
1216 4265 1297 4336 μίτρα
1322 4262 1434 4344 λέγεται.
1462 4264 1494 4318 {d
1509 4266 1552 4318 est
1578 4264 1689 4318 :nitra
1715 4263 1829 4335 proprie
1856 4280 1907 4319 eo·

1072 4347 1153 4387 ronae
1166 4340 1232 4388 sunt
1244 4349 1277 4389 ex
1291 4334 1386 4389 laseris
1402 4339 1430 4390 et
1444 4334 1545 4390 orariis
1569 4339 1734 4407 compactae,
1758 4351 1808 4406 per
1833 4336 1908 4391 aba·

1074 4403 1183 4489 sionem
1199 4420 1264 4460 vero
1277 4404 1371 4460 omnis
1383 4421 1488 4461 corona
1498 4405 1659 4530 appellatur
1669 4405 1764 4460 mitra.
1781 4404 1834 4461 Ubi
1849 4423 1909 4462 vox

1074 4479 1174 4546 nuptas
1189 4480 1321 4546 corrupta
1337 4480 1390 4535 est.
1405 4493 1456 4548 pro
1471 4493 1527 4549 qua
1552 4479 1693 4549 egendum
1717 4478 1849 4550 dpnptns,
1873 4481 1910 4532 ut

1073 4544 1178 4630 legitur
1192 4547 1266 4629 apud
1283 4547 1461 4634 Eustathium
1488 4547 1518 4602 in
1530 4548 1647 4605 iliadem
1671 4555 1707 4630 d.³
1726 4550 1839 4621 eriperes
1862 4550 1909 4601 ὅτι

1073 4636 1319 4755 tttt‘tttttt
1337 4637 1528 4745 tibitibi
1551 4638 1597 4745 tt
1614 4623 1911 4753 ttttt‘tttt‘tt

1073 4759 1257 4829 compositas.
1287 4760 1388 4816 Oraria
1412 4765 1508 4817 autem
1535 4765 1602 4818 sunt
1630 4760 1740 4818 textilia
1766 4762 1911 4833 quaedam

1073 4829 1206 4956 oblqnga.
1227 4830 1296 4887 tide
1317 4849 1403 4903 quam
1420 4832 1548 4906 dispares
1562 4837 1629 4888 sunt
1644 4832 1790 4889 hodierna
1804 4833 1911 4889 mitrre

1073 4917 1151 4973 poni
1176 4917 1251 4956 eum.
1884 4968 1887 4971 ¹

1108 4972 1171 5030 948.
1183 4973 1400 5029 l'laminealodd
1408 4979 1460 5038 est,
1468 4974 1799 5032 saerisvestibnsinduto.
1807 4975 1916 5032 Utau·

1073 5045 1915 5126 temqusesupradictasuntelariorasint,hicdnmusvete·

1073 5131 1135 5171 rem
1151 5115 1307 5187 imaginem
1319 5116 1409 5172 saneti
1425 5117 1566 5188 Remigii·
1579 5132 1613 5173 er
1623 5116 1913 5174 Codicettbemensi.

1112 5186 1918 5262 550949AErocessiodstcoetusclericorumipsumpon·

1073 5337 1226 5421 elegantior
1240 5339 1326 5396 sancti
1343 5338 1461 5396 doctoris
1476 5339 1585 5414 effigies
1600 5339 1677 5396 initio
1692 5336 1771 5466 primi
1786 5354 1917 5410 operum

1074 5426 1196 5466 omnium
1223 5411 1370 5466 voluminis
1394 5411 1530 5485 apposita,
1560 5412 1631 5467 hanc
1650 5412 1677 5468 in
1703 5411 1787 5465 lmine
1815 5409 1919 5483 hujus

1073 5482 1140 5536 tomi
1153 5482 1278 5552 prohibet
1292 5481 1387 5548 incidi,
1411 5490 1506 5556 utpote
1524 5482 1614 5538 minus
1639 5488 1784 5557 comptam,
1799 5481 1918 5538 solius·

1076 5568 1129 5627 que
1142 5552 1334 5626 explicationis
1350 5555 1439 5627 gratia
1453 5555 1597 5630 depictam.
