4022 6174
128 186 390 258 fur.

543 146 545 155 ¹
617 196 655 259 ur
676 197 707 258 s.
729 197 903 263 oaaconu
923 192 1060 293 uranum
1081 190 1409 258 sacauumroauu
1431 166 1550 258 sorus

1680 188 1981 272 '‘sre?

242 338 343 395 sarecto,
357 336 381 385 et
393 328 430 383 de
441 327 587 383 chrismate
601 336 701 395 sarecto,
711 333 763 386 etc.
781 331 810 385 ln
824 329 926 387 Codice
946 327 1067 393 Titiano,
1085 330 1108 390 Α
1125 330 1157 380 ut
1169 325 1265 396 palam
1278 331 1322 383 est
1333 344 1367 382 ex
1376 343 1477 383 eorum
1486 303 1670 411 linchologim
1681 331 1751 400 quod
1760 331 1916 397 intrusamus
1980 334 1981 341 '

243 402 349 458 Ordine
376 403 405 455 et
418 399 576 455 Pontificaii
601 402 742 468 Romano,
755 401 795 456 sic
809 401 931 458 habetur
947 422 953 460 :
978 400 1071 455 Corne-

240 487 331 536 crorc,
343 477 368 525 et
382 471 552 541 sanctificare
567 471 701 544 dipneris,
724 473 850 537 Domine,
875 488 971 528 monus
985 472 1064 526 istos.

241 542 272 597 ln
287 542 388 599 Codice
401 542 527 598 liodradi
543 543 605 599 brec
619 560 756 600 manuum
772 544 1066 600 unctiodesideratur.

239 612 280 669 De
296 613 429 669 unctione
441 630 581 670 manuum
596 616 754 687 presbyteri
768 615 798 671 in
813 617 875 698 ejus
887 614 1068 670 ordinatione

240 683 302 740 haec
314 684 438 767 reperire
452 691 496 741 est
506 686 582 757 apud
597 687 802 749 burchardum,
816 687 865 742 hb.
884 704 911 751 u,
937 703 1002 756 cap.
1020 685 1065 749 55,

239 771 274 811 ex
289 755 372 815 dietis
386 756 476 812 saneti
491 757 640 829 Augustini
657 758 798 829 loquentis
813 759 849 812 ad
862 758 1042 829 presbyteros
1058 775 1064 814 :

179 845 187 855 ’
241 825 315 883 liade
329 835 431 899 oportet
441 845 484 883 oos
498 844 601 900 semper
611 846 738 884 nicnmres
750 836 894 884 essetontm
907 829 1065 899 dipnitatis,

237 915 363 954 memores
377 907 474 955 nestrae
488 902 706 964 consecrationis,
731 918 856 955 memores
876 914 972 964 sacrm,
987 915 1067 970 quom

161 1018 166 1039 ,
237 970 268 1023 in
289 970 414 1026 inanibus
439 972 601 1042 suscepistis,
625 972 784 1035 unctionis;
804 979 834 1027 ut
857 987 904 1025 nee
925 971 958 1025 oh
975 969 1066 1024 eadem

237 1040 410 1165 deponeretis,
425 1059 460 1096 ne
472 1058 651 1097 manussuero
660 1043 779 1167 nnpniue
789 1041 922 1096 delibutas
935 1041 1065 1113 peccando

233 1128 268 1183 po
281 1112 373 1166 luatis.
390 1114 470 1183 Apud
485 1113 662 1168 amalarium
678 1113 695 1167 li
720 1115 794 1169 .1de
810 1112 890 1169 offic.
908 1114 1062 1184 Ecci.‚cap.

237 1183 595 1242 cemmendandam
610 1184 730 1254 episcopi
751 1185 849 1249 nostri,
873 1201 969 1239 ananus
991 1201 1065 1254 pres-

269 1260 390 1309 terorum
403 1271 439 1309 nn
458 1261 507 1309 uret
520 1255 551 1309 de
563 1254 627 1309 olea.
642 1254 719 1310 lilius
735 1256 842 1313 mentio
854 1256 885 1311 sit
899 1256 927 1310 iu
941 1254 1063 1326 epistola

259 1324 341 1381 icolai
358 1272 464 1396 popei,
485 1327 522 1380 ad
537 1325 721 1397 hadulphum
736 1326 941 1382 Bituricensem
955 1325 1064 1382 archie-

234 1396 392 1467 piscopum,
410 1396 440 1451 in
455 1396 587 1469 quadicit
600 1412 666 1452 eam
680 1413 737 1452 non
751 1413 812 1454 esse
827 1397 857 1452 in
870 1397 993 1453 Ecclesia
1009 1399 1063 1452 ito·

234 1483 323 1523 mana
336 1467 484 1535 usitatam,
495 1467 706 1539 dubitatqaean
714 1468 791 1524 ullibi
799 1460 1061 1539 lueritaliquando;

233 1540 308 1610 quod
320 1538 410 1593 miror
437 1546 553 1621 propter
573 1538 757 1595 auctoritates
784 1556 870 1611 supra
894 1539 1009 1607 citatas,
1033 1543 1062 1595 et

232 1611 372 1681 quosdam
386 1625 419 1665 ea
434 1610 583 1666 Codicibus
607 1610 711 1665 nostris
724 1627 805 1677 msa,
819 1610 867 1682 qui
895 1627 978 1666 usum
1005 1611 1060 1666 Ho-

231 1697 353 1737 manum
368 1686 534 1753 sequuntur,
548 1681 610 1752 ipso
625 1681 740 1738 Nicolao
753 1698 827 1753 papa
842 1681 1059 1753 antiquioribus,
1077 1685 1100 1745 Β

231 1754 295 1807 tum
310 1753 436 1808 maxime
465 1751 532 1823 quia
552 1752 674 1809 remittit
699 1754 793 1824 ipsum
819 1753 1002 1824 Rodulphum
1024 1755 1062 1810 ad

231 1824 383 1906 epistolam
397 1823 554 1879 innocentii
569 1825 590 1890 Ι,
600 1824 782 1895 scriptamad
794 1824 957 1879 Decentium
972 1825 1061 1896 Euga-

231 1894 342 1962 brnum,
358 1895 387 1949 in
402 1911 459 1966 qua
471 1895 506 1951 de
514 1895 569 1950 hac
577 1899 653 1961 re,ul
667 1895 955 1961 deOrdinationibus,
966 1900 1060 1971 neypt

231 1966 359 2038 quidem,
374 1983 497 2038 quarum
512 1972 610 2023 tamen
627 1965 759 2022 Nicotaus
775 1967 953 2023 mentionem
973 1966 1054 2023 lacit.

265 2038 331 2093 Haec
344 2042 441 2093 autem
457 2053 597 2092 manuum
613 2037 710 2093 unctio
723 2037 809 2093 tiebat
823 2038 982 2093 inmodum
998 2054 1059 2093 cru·

229 2106 280 2172 eis,
295 2113 326 2163 ot
341 2108 458 2179 planum
469 2113 512 2163 est
521 2124 554 2164 ex
565 2108 671 2165 Ordine
680 2109 828 2164 Romano:
841 2108 958 2181 Eapleta
967 2117 1059 2164 cutem

230 2179 359 2235 Oratione
372 2180 506 2251 occipiens
520 2178 606 2234 oleum
623 2188 756 2245 sonatum,
767 2180 852 2250 sociat
865 2196 970 2235 crucem
979 2196 1059 2251 super

229 2251 319 2305 ambos
332 2266 437 2315 neonus,
455 2254 508 2305 etc.
525 2251 592 2305 Haec
603 2249 699 2305 unctio
713 2248 836 2306 aliteriit
851 2250 879 2305 in
896 2249 1058 2306 Pontificali

228 2322 369 2377 Romano.
386 2321 418 2374 ln
434 2319 534 2375 Codice
560 2319 674 2375 Rstoldi
699 2319 814 2376 additur
838 2320 934 2376 unctio
956 2320 1059 2392 capitis

229 2392 281 2447 suh
296 2389 456 2461 bechinia,
473 2394 502 2446 et
517 2390 657 2447 formula:
672 2391 805 2449 Uuoaroa
820 2409 916 2447 curor.
933 2392 1058 2461 Unpotur

228 2469 309 2533 caput
321 2470 398 2518 tuam
411 2462 725 2519 etconsecretnreoeiesti
734 2461 914 2518 benedictione
925 2463 1057 2519 inordina

226 2533 402 2598 sacerdotali,
422 2533 577 2588 innomine
601 2533 706 2599 Patris,
733 2540 758 2588 et
779 2533 863 2599 Filii,
890 2541 916 2590 et
936 2534 1058 2606 Spiritus

228 2604 326 2660 sancti:
341 2621 429 2659 amen.
446 2604 506 2658 Pac
519 2605 582 2659 tibi.
597 2605 677 2660 Idem
688 2602 782 2660 ridere
797 2609 840 2660 est
855 2604 884 2660 in
900 2605 1057 2661 Pontilicali

228 2675 549 2758 msqaodservaturin
575 2674 730 2732 secretario
755 2676 879 2732 ecclesiae
904 2676 1058 2733 llothoma·

227 2762 334 2818 gensis,
347 2750 519 2818 putaturque
534 2745 622 2819 504
643 2763 705 2802 esse
717 2747 906 2818 anglicanum
926 2764 933 2802 :
957 2748 1057 2803 Conse·

228 2832 326 2875 caurio
336 2833 440 2874 caetras
455 2833 510 2873 cora
523 2819 606 2873 Oueo.
621 2818 745 2889 Unpotur
758 2825 785 2873 et
798 2824 966 2873 consecretur
976 2826 1057 2889 capnt

228 2895 306 2945 tuum
313 2888 411 2944 scelesti
419 2887 612 2944 Benedictiene
621 2888 751 2947 inordina
758 2890 930 2954 sacerdotali,
938 2890 969 2944 in
976 2891 1058 2944 nomi·

229 2976 264 3015 ne
275 2961 380 3023 Petris,
389 2967 415 3014 et
425 2959 505 3023 Filii,
513 2966 537 3013 et
545 2958 668 3030 Spiritus
679 2960 775 3019 sancti.
788 2977 875 3015 amen.
886 2961 1013 3023 Pactibi.
1023 2972 1054 3031 lp.

229 3031 340 3086 Etcum
355 3031 464 3102 Spiritu
475 3037 530 3086 tuo.
545 3032 612 3095 Quae
626 3030 742 3101 quidem
758 3032 854 3086 unctio
871 3032 972 3102 capitis
991 3049 1057 3087 cum
1075 3029 1098 3089 C

229 3118 282 3157 sna
295 3101 422 3156 inrmola
433 3117 492 3155 non
502 3100 633 3156 eustatio
649 3101 747 3168 Editis,
768 3118 861 3174 neque
883 3102 913 3158 in
929 3102 992 3157 aliis
1006 3104 1058 3158 Co·

230 3172 337 3302 ppcibus
353 3171 458 3228 ansuis
481 3188 550 3228 mss.
567 3188 658 3244 neque
673 3172 703 3229 in
718 3173 823 3229 Ordine
848 3178 877 3230 et
899 3173 1058 3230 Pontificali

255 3260 371 3299 emano.

266 3314 400 3385 Sequitur
414 3312 442 3368 in
459 3312 562 3368 Codice
587 3313 699 3369 Ratoldi
720 3330 726 3370 :
740 3315 807 3369 lreu
819 3331 955 3371 nauantem
967 3333 1056 3371 uanus

230 3401 415 3442 saoaanorou.
430 3384 558 3448 Remedio,
571 3386 690 3451 Domine,
720 3386 767 3440 bas
781 3402 887 3449 mnus,
913 3387 938 3441 et
958 3387 1056 3442 sancti-

229 3458 281 3530 fico
297 3455 459 3511 sacerdotem
473 3455 514 3510 ill.
541 3455 577 3510 ud
590 3456 782 3511 consecrandos
802 3456 910 3511 Hostias
936 3475 994 3530 quae
1005 3474 1057 3530 pro

230 3529 336 3583 delictis
350 3535 378 3581 at
416 3545 429 3582 e
443 3526 615 3599 neplipentiis
626 3528 719 3599 popuii
733 3529 897 3597 offeruntur,
913 3536 938 3583 et
950 3528 985 3583 ad
1008 3546 1056 3584 cce·

231 3606 290 3655 tera
305 3600 367 3654 bene
387 3598 489 3666 icenda,
503 3613 563 3669 quae
576 3598 613 3653 ad
626 3615 689 3653 usus
700 3599 797 3670 populi
808 3601 959 3654 necessario
972 3607 1055 3665 sunt;

230 3678 257 3727 et
265 3678 382 3743 presta,
395 3685 553 3741 quesumus,
568 3676 598 3724 ut
612 3685 775 3741 quaecunque
790 3669 975 3726 benedixerint
983 3672 1055 3725 bene·

230 3741 1053 3812 directaneiquacunquesacraverintsacrentur,Setnctor.

230 3813 356 3868 Tandem
369 3812 398 3866 in
413 3810 571 3866 Pontificali
590 3812 721 3866 Romano
737 3812 864 3883 sequitur
876 3812 992 3868 traditio
1008 3830 1057 3884 pa·

231 3888 306 3939 tenea
318 3899 384 3939 eum
400 3881 497 3937 liastia
511 3882 700 3953 superposita,
717 3887 746 3938 et
758 3883 854 3938 calicis
869 3898 934 3938 cum
951 3883 1015 3939 rino
1028 3886 1057 3938 et

231 3969 308 4024 aqua
321 3956 374 4010 sub
400 3952 453 4009 hec
474 3953 625 4008 verborum
648 3952 762 4009 torma:
787 3954 887 4024 Accipe
901 3961 1057 4025 potestatem

230 4027 328 4095 offerre
337 4025 502 4097 sacrificium
514 4027 575 4090 ileo,
585 4032 640 4080 tam
650 4041 702 4096 pro
716 4024 785 4079 niuis
797 4041 933 4096 quampro
947 4025 1057 4097 detauc-

231 4100 277 4163 tis,
291 4096 436 4152 innomine
451 4095 578 4151 Domini.

267 4168 298 4222 ln
314 4166 462 4222 Ordinibus
471 4182 541 4221 msa.
554 4164 645 4220 sancti
660 4163 795 4222 Germani
810 4182 827 4221 a
849 4165 949 4233 Pratis,
965 4170 994 4222 et
1014 4166 1057 4222 Ti·

231 4238 320 4303 liano‚
337 4242 365 4292 et
377 4236 404 4291 in
421 4236 527 4292 Ordine
542 4239 671 4291 Romano
686 4242 780 4292 exstat
794 4237 936 4310 ejusmodi
952 4237 1056 4293 instru-

232 4313 396 4364 mentorum
407 4306 524 4362 traditio
538 4323 603 4361 cum
619 4323 670 4361 soa
686 4307 790 4373 foruna,
814 4324 878 4379 quoe
894 4313 991 4364 tamen
1017 4308 1055 4364 ibi

231 4379 381 4453 pluraliter
393 4378 509 4434 eiiertur
526 4397 531 4436 :
548 4377 672 4449 Accipite
691 4385 855 4449 potestatem,
870 4385 935 4446 etc,
961 4396 1013 4435 uec
1026 4380 1056 4451 iu
1072 4389 1095 4447 1)

231 4451 273 4506 eis
288 4451 346 4505 alla
357 4449 479 4520 filaquae
495 4448 613 4523 mentio·
630 4448 686 4504 Sed
706 4450 767 4506 haec
791 4450 906 4506 traditio
921 4468 986 4506 cum
1004 4468 1056 4505 sua

232 4520 330 4577 forma
344 4521 424 4577 deest
435 4520 462 4573 in
480 4519 715 4575 sacramentariis
725 4520 843 4585 excusis,
860 4526 891 4576 ut
902 4521 931 4577 in
947 4520 1056 4577 Codici-

232 4594 284 4649 bus
300 4609 368 4651 mss.
385 4590 552 4659 lihamensi,
568 4588 702 4659 Rodradi,
726 4593 817 4647 sancti
833 4591 924 4664 Eligit,
949 4597 977 4648 et
1002 4593 1056 4648 Ra·

232 4663 314 4730 loldi,
331 4668 361 4718 at
383 4662 515 4718 ucetiam
531 4659 561 4717 in
585 4661 741 4717 Pontificali
757 4680 811 4718 ms.
837 4664 912 4734 quod
939 4668 1056 4733 putatur

232 4750 294 4793 esse
304 4681 503 4806 Angiicanum.
517 4735 576 4787 Non
588 4731 709 4790 habetor
718 4734 806 4789 etiam
817 4734 845 4789 in
857 4734 977 4790 concilio
990 4736 1055 4791 Car-

232 4807 314 4878 thag.
334 4823 370 4871 rr,
385 4805 470 4862 toties
483 4804 581 4869 citato,
609 4820 660 4860 nec
674 4804 703 4859 in
717 4804 837 4861 concilio
864 4805 1002 4861 Toletano
1018 4823 1053 4874 iv,

231 4894 296 4933 can.
312 4878 356 4943 27,
374 4892 464 4948 neque
486 4875 535 4931 ulli
558 4874 669 4948 antiqui
684 4879 781 4932 Patres
806 4877 981 4933 mentionem
1004 4877 1054 4932 ali·

232 4949 347 5022 quando
367 4947 492 5003 iecerunt
507 4963 514 5013 3
528 4962 584 5001 non
598 4951 712 5002 sanctus
726 4948 859 5013 isidorus,
869 4965 926 5004 non
942 4948 1056 5004 Amala-

230 5021 309 5086 rios;
324 5035 381 5075 non
401 5020 545 5084 liehanos,
561 5033 619 5073 non
634 5018 855 5075 Constitutiones
879 5019 1053 5090 apostolicae,

231 5092 281 5147 lib.
295 5108 356 5153 vur,
372 5106 434 5161 cap.
447 5090 480 5143 iti
492 5093 521 5145 et
537 5106 599 5160 sqq,
615 5105 673 5144 non
689 5090 818 5145 omnium
840 5091 1056 5162 antiquissimus

230 5162 382 5235 Dionysius
397 5176 529 5230 magnus,
546 5159 594 5230 qui
620 5160 655 5215 de
678 5158 767 5215 sacris
792 5160 939 5218 ordinibus
960 5162 1057 5216 dedita

231 5250 329 5305 opera,
346 5238 374 5289 et
395 5249 429 5286 ex
444 5230 571 5302 professo
586 5234 759 5299 tractavere;
778 5232 904 5315 nihilque
919 5231 1012 5289 simile
1027 5233 1056 5288 io

202 5360 206 5369 ,
231 5305 319 5361 sacris
335 5303 488 5374 Scripturis
508 5301 646 5372 repereris
664 5317 671 5365 ;
698 5318 788 5372 neque
802 5303 940 5359 Christus.
956 5304 985 5359 in
1012 5320 1056 5358 su-

231 5393 332 5450 premo
346 5375 395 5431 illa
406 5390 488 5430 amna
499 5373 641 5445 apostolos
655 5372 806 5429 instituens
817 5377 987 5438 sacerdotes,
1001 5373 1057 5429 illis

232 5447 376 5532 eiusmodi
391 5444 515 5517 porrexit
537 5445 729 5499 instrumenta
739 5461 745 5509 ;
757 5461 847 5514 neque
862 5450 922 5499 turn
939 5444 1058 5499 tradidit

231 5536 273 5576 ers
287 5535 391 5590 panem
406 5521 435 5572 et
447 5514 556 5583 vinum,
569 5515 619 5570 sed
634 5531 736 5585 corpas
747 5532 832 5569 suom
845 5520 874 5569 et
888 5515 1057 5587 sanguinem

231 5593 284 5646 sub
300 5589 444 5659 speciebus
459 5585 541 5657 panis
555 5591 584 5642 et
607 5584 676 5641 rini.
695 5587 741 5641 ilis
765 5586 907 5642 consentit
934 5586 1058 5642 Ecclesia

233 5661 397 5725 Orientalis‚
409 5676 457 5714 seu
465 5659 574 5721 Graeca,
582 5657 793 5730 quaeejusmodi
805 5656 1059 5713 insicnmentorum

233 5732 387 5791 traditione
402 5729 432 5791 in
447 5730 673 5813 presbyterorum
688 5728 871 5790 ordinatione
885 5745 943 5788 non
959 5730 1058 5804 utitor,

1125 398 1310 467 producturi:
1327 404 1489 455 nectamen
1519 399 1639 455 Ecclesia
1665 401 1786 458 Romana
1809 423 1915 479 anquam

1123 483 1223 524 eorum
1245 469 1456 527 ordinationem
1485 471 1667 542 improbarit,
1681 489 1741 542 qore
1755 479 1879 545 permittit
1893 488 1917 538 ot

1123 541 1200 610 apud
1216 556 1268 595 nos
1283 540 1371 597 Graeci
1388 543 1542 613 presbyteri
1558 543 1654 599 llisaas
1669 542 1778 613 iaciant,
1794 549 1865 604 nabis
1877 568 1917 608 cas

1123 610 1313 681 audientibus,
1326 614 1569 684 quemadmodum
1582 614 1668 669 etiam
1681 614 1707 668 in
1716 633 1806 672 eorum
1819 621 1917 691 regione

1123 680 1255 751 lecimus,
1269 683 1325 738 iilis
1337 684 1545 740 celebrantibus
1563 686 1655 756 ;qood
1671 692 1741 740 esset
1753 686 1917 749 intolerabilis

1121 751 1325 818 idololatria,si
1339 771 1395 810 non
1407 761 1500 811 essent
1513 772 1576 812 rere
1589 754 1816 839 ordinati.Neque
1826 761 1850 815 in
1861 777 1917 819 con-

1121 824 1186 879 cilio
1202 825 1373 889 Florentino,
1386 826 1415 881 in
1431 845 1487 898 quo
1504 827 1589 882 Graeci
1606 843 1670 882 cum
1682 829 1919 889 Ecclesrsiiomana

1121 900 1188 951 sunt
1199 898 1383 963 reconciliati,
1400 915 1527 969 unquam
1552 900 1587 954 de
1602 915 1699 953 eorum
1715 900 1917 959 ordinationibus

1121 967 1282 1022 dubitatum
1295 973 1355 1033 cst;
1369 985 1459 1040 neque
1474 970 1503 1024 in
1526 970 1629 1025 anione
1653 973 1840 1035 Acerranorum,
1862 991 1917 1030 eom

1119 1036 1187 1109 ipsis
1202 1039 1334 1094 Armenia
1350 1041 1490 1110 Eugenios
1516 1044 1548 1095 iv
1571 1040 1687 1095 tradidit
1701 1042 1782 1096 ritum
1806 1044 1917 1101 Ecclesia

1119 1110 1254 1164 Romanae
1267 1109 1296 1164 iu
1320 1111 1548 1166 ordinationibus
1563 1113 1779 1177 observandum,
1803 1114 1918 1184 pristinas

1117 1196 1218 1236 eorum
1232 1181 1426 1237 ordinationes
1451 1183 1574 1238 irritavit
1590 1199 1597 1248 ;
1618 1199 1707 1254 neque
1720 1184 1842 1239 Clemens
1868 1189 1917 1241 tttt

1117 1251 1275 1332 hassorum
1299 1252 1454 1324 episcopos,
1484 1256 1663 1325 presbyteros
1684 1258 1712 1309 et
1725 1254 1860 1321 diaconos,
1879 1258 1918 1338 qui

1117 1328 1204 1378 ritum
1216 1324 1380 1379 Graecorum
1396 1326 1549 1381 servabant
1564 1325 1651 1380 etiam
1664 1324 1693 1380 in
1704 1325 1760 1380 suis
1783 1327 1919 1382 ordinatio-

1117 1393 1213 1459 nibus,
1228 1409 1293 1450 cum
1304 1394 1389 1451 eosin
1399 1395 1523 1468 gratiam
1535 1395 1667 1453 Ecclesiae
1683 1398 1918 1469 Romanerecepit,
1980 1410 1981 1427 ¹

1116 1464 1221 1520 iterum
1239 1465 1365 1521 ordinari
1379 1467 1498 1523 censuit.
1512 1468 1611 1538 ltaque
1626 1467 1776 1522 dicendum
1791 1474 1831 1525 est
1844 1476 1920 1525 mate·
1980 1470 1981 1531 i

1115 1536 1190 1591 riam
1203 1536 1385 1592 essentialem
1412 1538 1589 1604 diaconatus,
1604 1540 1808 1611 presbyteratus
1830 1546 1854 1596 et
1871 1540 1919 1611 epi·
1980 1594 1981 1611 ,

1115 1613 1248 1732 scppatus
1261 1607 1289 1662 in
1306 1625 1409 1663 manus
1424 1609 1606 1680 impositione
1621 1610 1708 1665 sitam
1726 1625 1794 1665 ease.

1176 1678 1227 1734 ihil
1240 1679 1317 1734 aliud
1332 1684 1417 1734 sonat
1432 1681 1577 1751 Scriptura
1588 1685 1723 1736 Actorum
1735 1698 1769 1745 rr,
1785 1682 1812 1736 in
1825 1684 1918 1751 septem

1115 1748 1301 1805 diaconorum
1318 1749 1499 1807 ordinatione
1520 1768 1525 1805 :
1553 1752 1671 1807 Orontes
1696 1752 1867 1822 imposuerunt
1887 1753 1919 1807 eis

1114 1837 1219 1876 enonas.
1234 1821 1327 1876 l'lim.
1344 1839 1371 1876 iv
1395 1839 1402 1877 t
1421 1822 1488 1878 Noli
1506 1823 1642 1894 nepiipere
1660 1824 1776 1888 aratiam
1789 1839 1844 1894 qam
1861 1825 1886 1877 in
1899 1830 1918 1877 te
1980 1852 1981 1859 κ

1113 1899 1162 1956 est,
1176 1907 1237 1963 quae
1249 1892 1314 1947 data
1327 1900 1365 1947 est
1378 1893 1430 1947 tibi
1441 1910 1492 1964 per
1503 1893 1673 1965 prophetiam
1692 1910 1750 1948 anm
1769 1895 1920 1964 impositione
1980 1912 1981 1963 j

1114 1979 1244 2019 manum
1257 1963 1433 2089 promptarii.
1448 1966 1481 2019 Et
1495 1981 1557 2037 cap.
1575 1982 1590 2019 v
1617 1982 1623 2020 :
1646 1965 1744 2021 Montes
1757 1968 1809 2019 cito
1831 1965 1920 2019 nemini

1114 2035 1283 2104 imposueris.
1300 2036 1321 2089 ll
1357 2037 1405 2088 im.
1420 2051 1427 2088 r
1445 2050 1451 2088 :
1469 2036 1583 2105 Propter
1595 2053 1675 2108 quum
1690 2052 1795 2091 causam
1809 2035 1919 2089 admoram
1980 2074 1981 2083 η

1114 2110 1138 2159 te
1152 2113 1183 2160 ut
1196 2105 1338 2160 resciscites
1349 2107 1470 2176 pretium
1480 2108 1539 2172 Dei,
1573 2122 1614 2162 noe
1625 2116 1664 2161 est
1679 2107 1708 2160 in
1722 2115 1747 2161 te
1760 2124 1809 2177 per
1822 2106 1919 2175 imposi-

1112 2177 1211 2230 tionem
1236 2193 1363 2231 manuam
1385 2193 1520 2233 mearum.
1551 2125 1746 2233 Oonurmatm
1770 2177 1920 2233 auctoritate

1112 2247 1238 2319 Dionysii
1253 2247 1361 2319 inagni,
1373 2264 1435 2319 cap.
1451 2249 1468 2302 a
1483 2250 1591 2304 liierar.
1606 2249 1687 2313 eccl,
1699 2249 1746 2320 qui
1763 2266 1796 2304 ex
1810 2248 1920 2319 professo

1113 2334 1200 2389 agens
1215 2320 1250 2375 de
1265 2317 1390 2389 prefatis
1405 2319 1494 2374 tribus
1510 2320 1669 2386 ordinibus,
1684 2320 1753 2375 nihil
1762 2325 1858 2391 praeter
1871 2335 1920 2372 ma·

1112 2405 1203 2444 nuum
1217 2389 1429 2460 impositionem
1445 2392 1480 2445 ad
1496 2407 1595 2446 eornm
1607 2393 1759 2446 materiem
1774 2389 1890 2461 requirit.
1980 2386 1981 2459 3

1150 2461 1206 2516 lioc
1222 2465 1299 2532 patet
1313 2460 1401 2517 eiiam
1417 2478 1450 2516 ex
1462 2468 1561 2517 sancto
1589 2462 1775 2534 Hieronymo,
1790 2479 1846 2531 cap.
1869 2476 1919 2515 uvru
1980 2468 1981 2527 t

1113 2532 1213 2589 isaiae:
1233 2532 1377 2586 Ordinatio
1403 2532 1600 2587 non'soiumad
1626 2534 1840 2605 imprecationem
1852 2532 1919 2593 meis,
1980 2530 1981 2597 i

1111 2602 1921 2675 sedetiomadimpositionemimpletormanuum;divolsa·
1980 2644 1981 2681 p

1111 2673 1216 2740 brasio,
1241 2673 1289 2729 lib.
1303 2676 1337 2730 de
1349 2674 1381 2729 Di
1404 2675 1493 2729 nitate
1507 2676 1691 2741 sacerdotali,
1706 2693 1768 2746 cap.
1794 2675 1829 2729 5:
1851 2671 1922 2727 Herm
1980 2694 1981 2723 i

1112 2743 1227 2816 imponit
1240 2761 1359 2809 manum,
1375 2691 1451 2800 Orus
1466 2745 1587 2817 turpiter
1601 2748 1723 2818 qratiam
1736 2764 1744 2801 .·
1755 2744 1871 2801 mcerdos
1881 2745 1922 2796 im·
1980 2742 1981 2831 p

1110 2817 1187 2884 ponit
1195 2815 1344 2887 supplicem
1359 2816 1603 2941 {walamerem
1613 2816 1690 2873 Deus
1701 2818 1828 2872 benedicit
1835 2813 1922 2886 potenti
1980 2840 1981 2865 i

1111 2885 1224 2941 dentem
1236 2887 1355 2953 ‚·concil.
1393 2887 1526 2957 ispalensi
1540 2906 1568 2953 u,
1585 2905 1650 2943 can.
1665 2890 1702 2943 a:
1723 2888 1820 2954 Quinto
1829 2885 1922 2957 judicio
1980 2906 1981 2953 p

1111 2957 1147 3011 ad
1160 2958 1324 3028 aperitionem
1335 2959 1423 3012 nostri
1436 2958 1582 3013 Eeomints
1593 2959 1757 3030 Apabiensis
1768 2957 1872 3013 diaconi
1884 2971 1922 3009 re·
1980 2960 1981 3007 1

1113 3028 1173 3083 latu
1189 3029 1329 3083 deductum
1341 3036 1379 3083 est
1389 3029 1420 3082 de
1432 3030 1590 3100 quibusdam
1607 3031 1697 3100 ipsius
1713 3031 1836 3085 Ecclesia
1855 3026 1922 3082 cieri·
1980 3012 1981 3107 i

1112 3101 1160 3165 cis,
1174 3117 1287 3172 quorum
1302 3103 1365 3154 rium
1377 3116 1449 3154 urens
1468 3101 1504 3155 ad
1510 3101 1725 3173 presbyterium,
1735 3102 1789 3157 duo
1798 3100 1831 3154 ad
1844 3099 1923 3152 troita-
1980 3114 1981 3129 ¹

1111 3187 1176 3225 rum
1190 3171 1374 3226 ministerium
1383 3179 1570 3236 sacrarentur,
1586 3173 1726 3244 episcopos
1741 3189 1838 3235 eoram,
1849 3167 1921 3224 occh-
1980 3166 1981 3209 l

1110 3258 1173 3296 rum
1185 3242 1272 3296 dolore
1296 3241 1427 3307 detentus,
1455 3245 1548 3313 sertor
1566 3260 1677 3298 umnam
1691 3262 1768 3299 suom
1791 3258 1869 3309 snper
1889 3254 1923 3293 eos
1980 3302 1981 3321 Χ

1111 3319 1217 3367 loretum
1231 3314 1356 3382 posuisse,
1367 3321 1391 3368 et
1405 3312 1546 3437 presbyter
1558 3315 1672 3385 quidam
1684 3316 1742 3369 iilis
1757 3322 1847 3369 caretro
1857 3308 1922 3387 eccie-
1980 3326 1981 3381 p

1108 3384 1249 3439 siasticum
1265 3384 1389 3439 ordinem
1421 3386 1611 3441 enerlictionem
1626 3386 1747 3441 dedisse.
1775 3388 1841 3450 Quae
1863 3382 1924 3437 ordi-
1980 3398 1981 3437 t

1110 3455 1241 3510 nationes
1254 3472 1270 3509 a
1281 3455 1401 3511 concilio
1417 3456 1577 3521 irritantur,

1110 3543 1127 3581 a
1141 3527 1304 3598 presbytero
1319 3527 1513 3597 pronuntiata.
1529 3528 1590 3592 Ouo

1110 3598 1197 3661 nasia,
1223 3597 1305 3669 epist.
1323 3599 1356 3653 66
1376 3596 1454 3652 τ’Υπό
1482 3606 1532 3649 τῶν
1559 3597 1657 3651 ἐκείνου
1679 3609 1777 3673 χειρῶν
1798 3597 1924 3651 tetmaris
1980 3592 1981 3653 i

1110 3666 1250 3739 ἁνιὸειχθη
1263 3671 1433 3729 sicliniensis
1447 3669 1649 3732 Βασινοπόλὲως,
1661 3673 1751 3732 idest,
1766 3663 1923 3724 illiusmodi·
1980 3672 1981 3689 ¹

1110 3740 1162 3795 bns
1176 3740 1337 3810 episeopus·
1351 3741 1403 3795 Bas
1419 3740 1529 3812 nopolis
1544 3741 1573 3795 in
1601 3741 1739 3813 Bithynia
1760 3742 1924 3797 consecratus
1980 3714 1981 3783 i

1109 3814 1161 3865 est.
1179 3810 1212 3865 Et
1226 3810 1310 3881 epist.
1328 3810 1363 3865 76
1377 3828 1383 3865 1
1398 3817 1447 3864 ilai
1459 3812 1492 3869 ὡν
1505 3819 1536 3883 τῇ
1554 3816 1663 3887 θατέρου
1679 3817 1753 3886 χειρὶ
1767 3809 1925 3886 πρισόύτιρος
1980 3820 1981 3877 p

1110 3878 1286 3952 ἀπεδέδεχθο,
1303 3881 1331 3936 id
1346 3887 1399 3951 est,
1410 3899 1532 3954 qaorum
1548 3883 1668 3940 alterius
1684 3901 1774 3940 mauu
1794 3880 1925 3955 presbyter
1980 3884 1981 3923 l

1110 3952 1350 4008 sacratusioerat.

1144 4023 1332 4079 Multosnlios
1350 4023 1548 4095 praetermitto,
1577 4025 1728 4082 brevitatis
1757 4040 1849 4081 causa.
1873 4020 1926 4076 Non
1980 4024 1981 4109 p

1110 4094 1327 4151 tamenmoltus
1340 4101 1368 4151 et
1383 4095 1488 4151 nimius
1499 4114 1557 4163 ero,
1579 4097 1601 4152 si
1616 4096 1820 4152 auctoritatem
1842 4105 1927 4170 recem
1980 4138 1981 4173 ,

1110 4164 1191 4220 tioris
1205 4165 1351 4236 scriptoris
1362 4167 1413 4221 riri
1426 4167 1588 4239 gravissimi
1603 4173 1631 4223 et
1648 4167 1807 4224 doctissimi
1822 4164 1927 4221 Mariam

1111 4235 1237 4300 Victorii,
1253 4237 1376 4308 episcopi
1391 4238 1528 4305 Amerini,
1548 4239 1707 4310 protulero,
1724 4240 1773 4310 qui
1789 4238 1824 4293 ad
1839 4234 1928 4306 episto·

1110 4307 1168 4363 lam
1177 4308 1268 4362 sancti
1281 4308 1442 4380 Epiphanii,
1456 4326 1520 4380 qure
1533 4315 1625 4366 exstat
1638 4312 1717 4367 inter
1727 4309 1860 4383 epistolas
1873 4318 1928 4360 san·
1980 4304 1981 4353 l

1109 4379 1146 4434 cti
1161 4378 1337 4449 hieronymi,
1353 4383 1424 4435 tom.
1438 4380 1471 4445 lt,
1488 4381 1593 4437 siceit:
1615 4381 1767 4437 Ordinatio
1780 4387 1867 4436 autem
1892 4375 1930 4447 fie-
1980 4402 1981 4409 ¹

1109 4449 1154 4504 bat
1168 4466 1227 4504 cum
1241 4450 1370 4504 Oratione
1388 4457 1414 4505 et
1437 4469 1536 4507 monus
1561 4453 1750 4523 impositione,
1775 4447 1928 4525 quemodma·
1980 4448 1981 4527 t

1109 4522 1177 4577 dnm
1191 4537 1262 4575 reone
1278 4521 1398 4576 Ecclesia
1409 4523 1510 4588 utitur,
1524 4527 1577 4579 etc.
1912 4587 1917 4599 ,
1980 4570 1981 4595 ,

1144 4591 1195 4646 Hic
1209 4591 1296 4662 igitur
1310 4592 1387 4649 rides
1403 4594 1613 4650 ordinationem
1630 4595 1814 4650 admanuum
1825 4592 1929 4662 imposr·

1109 4662 1217 4718 tionem
1231 4663 1353 4734 impleri,
1368 4669 1397 4719 et
1411 4665 1447 4719 ad
1471 4667 1604 4722 eamdem
1630 4665 1756 4737 Spiritus
1772 4664 1860 4721 sancti
1873 4675 1927 4740 grt-
1980 4706 1981 4729 ,

1109 4734 1179 4789 tiam
1191 4734 1315 4790 conteni
1325 4751 1331 4799 ;
1343 4751 1377 4790 ac
1392 4735 1509 4806 proinde
1525 4737 1648 4793 efficitur
1663 4754 1809 4794 manuum
1824 4736 1928 4805 irnpoa-
1980 4738 1981 4789 ἶ

1109 4806 1217 4860 tionem
1229 4822 1286 4861 non
1301 4823 1361 4862 esse
1374 4807 1547 4863 ordinationi
1561 4807 1802 4874 accidentariam,
1816 4823 1866 4862 nec
1875 4817 1928 4859 esse
1980 4806 1981 4871 ἶ

1108 4876 1202 4931 solam
1217 4876 1432 4948 dispositionem
1444 4879 1480 4934 ad
1490 4879 1624 5004 qratiam,
1640 4884 1673 4934 ut
1687 4880 1809 4952 quidam
1823 4876 1924 4933 rolant.
1980 4876 1981 4949 ζ

1109 4947 1250 5003 Praeterea
1262 4964 1319 5005 non
1332 4954 1376 5004 ast
1386 4949 1490 5005 eredibi
1504 4967 1519 5006 e
1533 4950 1655 5006 coucilia
1671 4957 1701 5007 et
1713 4952 1814 5008 Patres
1827 4952 1927 5005 tantum
1980 4994 1981 5003 ,

1109 5019 1145 5075 de
1160 5018 1203 5073 his
1227 5036 1290 5090 quae
1314 5026 1381 5075 sunt
1406 5021 1576 5077 ordinationi
1604 5022 1806 5095 contingentia
1830 5020 1929 5075 locutos
1980 5040 1981 5081 1

1109 5090 1207 5154 luisse,
1223 5092 1258 5145 de
1274 5089 1391 5147 hisvero
1406 5109 1470 5163 quae
1485 5099 1551 5148 sunt
1566 5093 1605 5148 illi
1620 5094 1793 5149 essentialia
1808 5089 1928 5148 taeniae,
1980 5096 1981 5137 t

1110 5161 1267 5233 praesertim
1289 5162 1440 5218 concilium
1467 5163 1690 5236 Carthaginense
1713 5182 1754 5229 iv,
1780 5163 1855 5236 quod
1870 5172 1930 5215 enu-
1980 5186 1981 5207 r

1110 5233 1228 5358 pileatirpp
1244 5232 1417 5305 omniaque
1430 5235 1467 5290 ad
1481 5236 1614 5291 ordinum
1631 5235 1788 5291 materiem
1812 5229 1930 5307 spectem

1132 5304 1254 5359 esuriit.

1147 5377 1202 5431 Nec
1217 5374 1292 5429 vaiet
1306 5372 1334 5429 id
1350 5375 1555 5447 quodquidam
1576 5378 1765 5448 respondent,
1792 5372 1930 5433 concilium

1113 5460 1170 5500 non
1186 5445 1283 5500 omnia
1296 5446 1431 5515 posuisse,
1445 5448 1512 5519 quia
1527 5449 1630 5504 librum
1659 5448 1857 5505 i‘ontisrcalern
1883 5456 1932 5499 non
1980 5508 1981 5511 Ἰ

1112 5515 1262 5571 scrihebat.
1279 5517 1353 5571 Nam
1366 5518 1418 5572 etsi
1432 5519 1585 5574 concilium
1611 5519 1719 5575 librum
1749 5517 1932 5575 t'outiliculcm
1980 5520 1981 5543 ¹

1112 5603 1170 5642 uon
1197 5586 1342 5651 scriberet,
1359 5604 1416 5643 non
1441 5595 1503 5645 erat
1530 5595 1627 5647 tamen
1653 5594 1728 5647 adeo
1762 5588 1875 5646 diiiicile
1906 5598 1933 5637 tit

1613 3457 1829 3513 oiabeuedictio
1844 3453 1924 3509 iuerat
1980 3460 1981 3475 ¹

1592 3475 1717 3584 inciam
1733 3529 1820 3600 liquet
1838 3541 1868 3579 es
1883 3523 1923 3594 Sy·
1980 3514 1981 3559 l

1113 5659 1266 5714 taediosum
1278 5659 1462 5716 traditionem
1475 5661 1736 5719 instrumentorum
1747 5662 1776 5718 in
1791 5656 1934 5717 triumillo·
1980 5698 1981 5703 1

1113 5730 1934 5809 cusuordinumhierarchicarumexplanationeannotare¹
1980 5780 1981 5807 ἶ

1980 5828 1981 5849 l
