4074 6174
11 3978 12 3989 ,
128 3925 228 3995 'Quia
254 3926 402 3984 Orationes
426 3926 524 3984 illnin
550 3933 646 3984 nostra
669 3925 797 3984 Editione
819 3925 924 3983 deside·

102 276 158 344 oss
196 324 202 329 .
462 275 503 339 1u
522 280 553 343 s.
576 277 750 344 usmonu
769 272 906 340 ussus
926 271 1251 346 stuntunuronun
1266 251 1443 383 scuouts
1523 236 1525 241 ’
1753 280 1838 359 ιιι,

102 408 236 468 omorio
250 405 382 477 consor
396 407 610 467 coronatorum
626 410 688 468 dies
699 410 752 467 sub
764 405 930 465 nominibus
945 408 968 469 Α
983 410 1067 465 tenus
1081 414 1184 468 contra
1196 411 1362 481 factionem,
1376 414 1456 470 nteit
1468 412 1536 481 bist,
1547 412 1745 486 distinguitur.
1760 413 1813 472 Vel

102 487 265 537 sauctorum
279 481 577 552 quisquemortgrum
593 484 778 539 recoleretur.
787 480 930 535 latercur-
984 478 1088 537 dicitur
1101 483 1199 550 Aetio,
1215 485 1317 541 eodem
1329 485 1406 542 Biete
1419 489 1501 552 teste,
1517 486 1586 558 quia
1599 486 1638 541 ibi
1654 485 1749 556 agitur
1762 502 1813 542 no·

100 552 236 608 rentibus
249 551 693 616 tnmsuuurtis,cuidamsuucto
706 551 868 611 ciroetinm
880 564 930 605 uo·
983 557 1043 607 stra
1058 569 1255 611 saucacorum
1279 573 1394 612 summo
1408 556 1518 626 lodice,
1533 556 1649 617 Christo
1665 557 1734 623 Deo,
1762 574 1813 628 per

101 623 929 694 minueorumreuetotosunt.Festruitnscornutsuemt
984 625 1175 695 sacerdotem,
1206 631 1344 700 tauquam
1368 644 1420 701 per
1447 627 1580 683 nuntium
1606 627 1813 684 intermedium

100 693 931 770 stututu,celedrisiunliorummartyrumfestiuitnteper·
984 693 1167 766 interipsum
1187 701 1215 754 et
1237 715 1383 782 sponsam,
1403 698 1559 766 Christum,
1585 698 1701 764 scilicet,
1725 701 1814 771 etque

100 765 224 831 nonsit,
237 780 274 821 oc
288 766 371 821 locus
385 765 519 833 censeor
532 770 741 824 coronatorum
755 767 872 822 nomine
882 764 929 820 in·
984 766 1150 824 Ecclesiam.
1164 769 1234 825 Cum
1248 769 1335 843 igitur
1356 774 1454 826 canon
1480 770 1593 826 dicatur
1613 770 1709 835 Actio,
1735 770 1814 844 quod

101 837 199 908 siquis
210 835 391 892 HaecSurius.
399 835 931 903 QuatuorCoronetisecclesiamerexit
984 836 1044 892 intr
1051 841 1216 896 acaronem
1223 840 1517 898 exstatrectiuslutrn
1527 857 1614 913 quam
1625 841 1711 913 lnsrc
1720 840 1815 898 Aetio·

102 906 931 980 Honoriuspopueamqne,Barouioteste‚restituit,dicto-
983 923 1050 966 uem
1062 909 1215 967 dicendum
1226 911 1348 968 ridetur.
1367 913 1422 984 Ego
1438 911 1545 984 itaque,
1566 913 1603 968 sb
1618 911 1738 985 hujusce
1758 912 1815 968 Se-

101 994 225 1051 rumque
239 978 931 1055 sanctorumomuiumqoossuperiusnomiueri·
984 982 1171 1038 crementarii
1192 983 1288 1040 medio
1300 985 1338 1039 sd
1365 982 1454 1040 tinem
1479 996 1578 1056 usque,
1595 982 1711 1039 titulum
1737 983 1814 1040 bunc

101 1067 167 1134 mus
178 1066 302 1134 corpora
314 1051 371 1106 beo
386 1051 421 1105 tv
433 1051 542 1109 invenit
554 1069 562 1121 ;
572 1056 601 1135 et
621 1051 693 1109 sicut
716 1052 809 1178 epa
821 1049 930 1106 Tabula
985 1050 1083 1178 imm
1096 1054 1251 1126 actionem)
1269 1053 1350 1112 sicuti
1373 1053 1513 1127 seriptum
1527 1053 1633 1121 inveni,
1649 1053 1814 1128 relinquen·

100 1127 171 1180 rtem
185 1121 302 1205 lapidea
310 1122 348 1178 ad
360 1121 449 1179 altare
456 1124 552 1197 majus
561 1125 690 1198 ejusdem
703 1139 752 1180 ccc
763 1139 830 1180 esrae
841 1120 930 1178 affixa
1005 1139 1054 1179 um
1070 1124 1178 1181 censui.

100 1195 197 1259 docet,
212 1192 285 1249 inibi
296 1209 331 1250 ea
344 1195 471 1250 condem
485 1194 645 1253 collocavit.
1019 1211 1029 1235 ¹
1048 1195 1150 1253 Exstat
1164 1195 1240 1252 beati
1251 1196 1401 1269 Augustini
1416 1196 1579 1255 communis
1589 1197 1685 1267 biissa,
1702 1210 1767 1270 qum
1782 1198 1814 1256 in

137 1266 197 1322 Got.
215 1264 280 1321 sed.
295 1265 328 1320 ln
342 1264 395 1321 illa
409 1265 482 1322 sacri
496 1264 622 1323 Cenonis
635 1270 727 1338 parte,
744 1280 807 1338 quse
830 1262 931 1335 incipit
984 1263 1103 1337 singulis
1115 1267 1346 1340 Quadragesime
1360 1268 1459 1325 diebus
1473 1268 1559 1326 bodie
1574 1268 1712 1326 recitatur
1722 1285 1729 1337 ;
1740 1273 1770 1326 et
1783 1269 1814 1327 in

99 1334 930 1407 Communicamus,eteommuniteriuscribiturInfruncts'o
984 1336 1250 1410 Orationeillaquu
1261 1339 1814 1406 modoPostcommunio,modoentem

97 1422 172 1475 m,
187 1407 244 1463 boc
257 1407 355 1464 inloco
369 1407 468 1464 titulus
478 1405 930 1483 est,lntrudctiouem‚quemvis
983 1407 1027 1464 Ad
1040 1407 1110 1465 Com
1131 1409 1251 1466 lendum
1266 1415 1457 1482 nuncupatur,
1473 1412 1540 1495 quia
1558 1429 1594 1469 ee
1603 1412 1702 1468 Oratio
1718 1416 1762 1468 est
1775 1412 1815 1468 ad

97 1478 931 1552 enimadcol.2b'ltlldit.Vutic.)lnfruetetiouemsemper
983 1477 1073 1536 tinem
1092 1426 1186 1537 biissae
1199 1484 1304 1552 prester
1325 1481 1397 1538 alias
1419 1483 1556 1540 lectiones
1578 1484 1684 1549 series,
1710 1482 1814 1555 legitur

96 1550 225 1622 legatur,
235 1551 274 1606 ab
287 1550 342 1606 boc
355 1555 454 1608 tamen
471 1547 534 1608 loco
555 1552 593 1607 ad
615 1552 701 1607 tinem
717 1566 806 1623 usque
829 1550 929 1606 Sacra·
983 1549 1113 1608 dictitio
1126 1554 1681 1626 scelerum,proquodblutioaceterum
1693 1553 1814 1609 nuncle·

95 1621 237 1679 mentarii
252 1622 353 1678 titulus
367 1622 426 1679 sire
440 1623 554 1680 rubrica
568 1626 611 1680 est
626 1624 712 1680 lutra
727 1624 885 1687 Actionem,
901 1624 931 1678 et
983 1621 1101 1694 gitatin
1115 1622 1231 1680 blisssli.
1245 1625 1275 1680 tn
1291 1627 1459 1682 dueentem
1484 1625 1589 1697 legitur
1600 1641 1606 1680 :
1617 1627 1663 1681 Sit
1677 1627 1814 1682 uiuorum

95 1694 205 1749 rectius
219 1692 336 1764 quidem
346 1712 356 1765 3
382 1709 463 1750 saner
487 1695 565 1750 enim
582 1697 690 1761 Cenon,
713 1694 761 1767 qui
779 1710 796 1749 s
811 1692 929 1765 quibus·
983 1696 1386 1765 atquemortuorumresiiesio
1393 1696 1813 1769 omniumelodelictorum,

96 1763 211 1821 damin
221 1764 347 1836 quinque
362 1770 467 1836 partes,
484 1767 520 1821 ab
532 1765 596 1822 eliis
609 1765 638 1822 in
653 1764 817 1838 quindecim
842 1763 928 1819 divini
943 1772 967 1832 Β
984 1764 1045 1821 siue
1058 1764 1183 1827 dictione
1195 1767 1337 1836 fideliori,
1349 1784 1411 1840 quie
1426 1767 1455 1824 in
1471 1768 1577 1823 ldissati
1592 1768 1724 1824 hebetur.

95 1835 181 1902 solet,
195 1835 296 1908 incipit
310 1835 431 1893 acerbis
445 1835 519 1892 illis:
537 1837 687 1908 reicitur,
713 1835 930 1893 clementissime
1019 1835 1813 1910 ¹³llissnprodefunctisdemderuutibuspnuiteutium,
1860 1864 1864 1867 ·

96 1908 199 1973 Pater,
215 1912 282 1974 eta,
299 1912 328 1963 et
339 1908 424 1964 tinem
445 1907 533 1965 babet
555 1910 592 1964 ad
605 1924 671 1964 eum
694 1923 784 1979 usque
809 1905 903 1962 locum
920 1921 927 1962 t
983 1908 1394 1981 etmiuimecousequeutidus;
1414 1908 1460 1965 bic
1474 1909 1574 1965 titulus
1588 1908 1622 1965 iis
1636 1908 1685 1982 qui
1700 1924 1814 1965 sacrem

95 1977 244 2036 Nemeaeo
257 1978 359 2047 etium,
373 1979 570 2037 nommetur
585 1979 743 2035 secundum
755 1976 858 2034 stiosu
894 1993 929 2033 ue
984 1977 1157 2051 tbeologinm
1170 1995 1229 2034 nou
1242 1983 1349 2036 norunt
1362 1979 1528 2052 scrupulum
1543 1979 1667 2052 aliquem
1693 1979 1814 2063 injicere

97 2050 134 2104 ad
150 2048 245 2106 illud:
258 2049 556 2122 orem-reprecepm
570 2049 871 2106 solutoribusmouiti.
903 2047 927 2105 el
983 2053 1086 2120 potest.
1101 2050 1160 2105 Hoc
1175 2050 1252 2106 enim
1264 2051 1328 2106 loco
1342 2055 1457 2107 nonest
1471 2066 1566 2108 sermo
1581 2053 1616 2107 de
1629 2050 1663 2107 iis
1687 2067 1735 2123 qut
1750 2050 1814 2106 ubs-

97 2121 260 2177 secuudum
275 2121 348 2178 alios
375 2126 405 2178 et
419 2121 517 2178 metius
531 2122 567 2177 ad
582 2120 633 2177 illa
648 2137 737 2192 usque
757 2120 865 2176 rerba:
883 2121 928 2175 li·
1022 2120 1228 2192 epoenitentiu·
1238 2121 1342 2178 virtute
1356 2122 1399 2178 vel
1415 2122 1476 2178 sine
1489 2122 1629 2178 charitate
1657 2138 1691 2178 ex
1705 2136 1740 2178 ca
1753 2120 1813 2177 rita

96 2191 239 2257 berosus,
251 2207 428 2318 zammer,
441 2192 744 2264 Dominelitquatuor
752 2190 931 2248 sibisortitur
1003 2195 1174 2254 ccesserunt,
1183 2196 1213 2248 ct
1219 2192 1400 2263 orationum,
1413 2192 1472 2249 sire
1480 2192 1681 2266 suffragiorum
1693 2207 1813 2264 capaces

95 2267 231 2328 nomina,
274 2263 424 2329 ieleteste,
439 2263 505 2321 lect.
520 2264 566 2329 lb,
581 2263 611 2320 in
634 2265 704 2321 Can.
733 2262 834 2328 diissee,
860 2262 928 2334 quia
983 2267 1126 2329 unusual,
1138 2263 1813 2337 etiamquiaEcclesieprohisnonintenditore·

95 2350 157 2390 uon
174 2336 269 2391 solum
280 2334 504 2395 dieiturCanon.
517 2335 547 2391 id
560 2340 604 2392 est
617 2351 648 2391 re
668 2335 717 2391 ula
731 2335 768 2390 ed
781 2333 927 2390 venerabi·
981 2350 1023 2400 rc,
1038 2335 1112 2390 sicut
1127 2350 1219 2418 neque
1229 2352 1281 2407 pro
1294 2334 1329 2391 iis
1337 2334 1385 2407 qui
1396 2334 1426 2391 in
1439 2335 1539 2391 heresi
1550 2333 1594 2392 rel
1606 2333 1636 2390 in
1647 2350 1812 2390 excommu-

94 2403 131 2461 lis
148 2405 337 2463 Eucharistiee
349 2406 596 2464 consecrationem
611 2351 756 2470 ordinata,
772 2406 827 2470 rel,
843 2408 875 2461 ut
886 2404 928 2461 sit
982 2404 1126 2488 nicatione
1136 2407 1267 2463 obterunt
1280 2422 1288 2473 ;
1299 2409 1349 2463 sed
1363 2407 1399 2462 de
1411 2406 1446 2461 iis
1460 2405 1508 2478 qui
1532 2406 1561 2461 in
1575 2404 1677 2461 mortis
1690 2403 1825 2487 articulo,

94 2474 281 2533 walefridus
295 2478 407 2539 Strabo.
422 2494 485 2551 cap.
501 2478 547 2543 ti,
565 2482 595 2534 et
606 2477 784 2550 blicrotogus,
797 2492 860 2560 cap.
880 2477 926 2546 12,
982 2476 1215 2533 desideraverunt
1227 2494 1261 2533 ac
1275 2478 1418 2549 petierunt
1428 2483 1642 2534 sacramentum
1653 2479 1681 2533 et
1695 2491 1811 2532 nonnisi

91 2547 166 2673 quia
180 2547 209 2604 in
223 2563 260 2605 eo
271 2553 315 2605 est
328 2548 458 2621 legitima
470 2553 500 2605 et
513 2549 652 2623 regularis
666 2552 840 2605 sacrementi
860 2563 927 2604 con·
981 2546 1011 2603 in
1027 2552 1093 2603 soto
1107 2547 1242 2620 consequi
1258 2552 1422 2619 potuerunt,
1441 2552 1472 2605 ut
1482 2548 1595 2604 cubrico
1616 2562 1726 2602 necnon
1742 2547 1812 2603 Ora·

105 2618 184 2675 eetio
194 2620 262 2686 ;sed
276 2619 365 2676 etiam
382 2624 525 2677 secretum
548 2619 719 2692 appelletur,
733 2618 883 2692 quonism,
897 2621 928 2674 ut
981 2618 1073 2676 tiones
1086 2618 1205 2692 hujusce
1219 2619 1312 2675 Missus
1327 2634 1429 2675 omnes
1453 2635 1510 2691 pre
1537 2634 1567 2675 se
1582 2617 1688 2675 ierunt.
1712 2618 1810 2690 Neque

92 2689 135 2744 ait
146 2690 219 2753 lliel.
233 2689 375 2764 siguificat
387 2692 583 2749 sacratissima
597 2690 663 2748 fidei
678 2690 826 2763 mysteria,
839 2695 869 2746 et
882 2706 926 2745 sa·
981 2688 1036 2745 boc
1050 2689 1079 2746 in
1091 2691 1153 2747 loco
1165 2707 1260 2747 sermo
1269 2691 1355 2747 estde
1363 2689 1540 2762 poenitentiis
1554 2688 1639 2746 venia
1648 2704 1701 2760 per
1711 2705 1809 2745 reram

92 2761 267 2818 cratissimse
280 2762 318 2818 ibi
333 2763 406 2819 flunt
420 2764 602 2834 operationes
617 2762 693 2819 omni
706 2765 801 2818 cresto
815 2760 926 2819 intelte-
981 2761 1184 2818 contritionem
1205 2761 1397 2832 impetranda,
1417 2760 1491 2816 sicut
1504 2759 1608 2832 legitur
1633 2760 1663 2815 in
1685 2776 1751 2831 cap.
1769 2775 1810 2817 ιιι

91 2832 150 2888 ctui
157 2833 474 2905 incomprehensibiles,
486 2834 586 2906 etquis
592 2834 689 2890 Cenon
695 2832 924 2890 secretodicitur.
980 2832 1068 2917 Epist.
1085 2834 1122 2888 ad
1133 2834 1276 2895 Hebenus,
1290 2834 1327 2889 de
1340 2832 1424 2896 Esau,
1440 2831 1498 2904 qui.
1509 2835 1582 2889 teste
1596 2829 1743 2904 Apostolo,
1755 2846 1810 2903 pce·

8 2918 10 2963 t
92 2903 269 2975 Appellatur
283 2904 372 2961 etiam
382 2905 564 2972 sacrificium,
577 2905 644 2978 quia
653 2905 837 2961 otterturlleo
849 2902 925 2960 Patri
979 2906 1112 2961 usteutioe
1128 2904 1430 2971 locumnoninoerrit,
1445 2905 1578 2974 quumvis
1588 2918 1656 2959 cum
1672 2903 1809 2975 lacrumis

8 2968 10 2989 '
91 2990 246 3032 summum
258 2976 441 3041 sucrificium,
459 2976 626 3049 Unigenitus
640 2976 748 3033 scilicet
773 2974 860 3031 Filius
873 2975 925 3030 sub
979 2975 1150 3046 inquisisset
1162 2990 1239 3042 eom;
1251 2990 1363 3030 necnon
1376 2975 1412 3030 de
1427 2972 1579 3042 Antiocho,
1587 2972 1617 3029 in
1630 2973 1756 3031 Machab.
1769 2989 1807 3043 rr,

90 3046 189 3118 specie
204 3048 410 3104 sacramentali
420 3048 557 3105 occultus.
573 3047 680 3104 Dicitur
691 3045 815 3119 denique
840 3047 923 3111 letio,
979 3047 1031 3117 qui
1044 3046 1169 3117 quidem,
1189 3051 1219 3102 ut
1231 3046 1377 3117 Scriptura
1388 3048 1498 3109 narrat,
1509 3046 1646 3102 sectemur
1653 3046 1808 3102 Dominum

90 3117 173 3188 qnia,
190 3125 222 3175 ut
232 3118 275 3174 ait
287 3118 475 3180 Walalrldus.
491 3119 519 3175 iu
531 3135 565 3176 ea
577 3117 926 3175 conficiunturdominica
941 3134 964 3196 (ς
980 3117 1090 3185 orobnt,
1100 3116 1752 3175 misericordiumubeououcousecuturus.ln
1763 3115 1808 3173 bis

8 3236 9 3245 ,
90 3195 290 3257 sacramenta,
304 3190 348 3246 rel
384 3190 431 3246 uia
442 3190 602 3263 gratiarum
614 3190 757 3246 actionem
771 3188 923 3257 coutinet;
979 3190 1057 3244 enim
1073 3189 1183 3245 duobus
1195 3188 1265 3245 locis
1277 3205 1334 3244 non
1360 3188 1482 3244 habetur
1496 3204 1592 3244 sermo
1604 3188 1638 3243 de
1650 3203 1719 3244 reru
1732 3203 1806 3245 con·

90 3274 164 3315 nam
180 3265 275 3317 totum
290 3261 350 3319 lere
361 3208 453 3319 ffiissn
466 3278 580 3318 sacrum
596 3266 639 3318 est
652 3260 811 3334 gratiarum
838 3261 922 3329 actio,
979 3259 1105 3328 tritionc,
1121 3276 1186 3344 quse
1209 3260 1300 3316 oritur
1314 3276 1348 3318 ex
1363 3274 1464 3316 umore
1482 3259 1625 3343 Jnstitioe;
1648 3259 1699 3343 sed
1713 3259 1749 3315 de
1773 3274 1809 3315 ea

90 3334 124 3385 nt
144 3347 180 3388 ex
196 3333 306 3388 irenaeo
330 3331 378 3389 lib.
395 3350 434 3402 rr,
448 3349 473 3388 c.
490 3332 535 3401 tt,
551 3331 645 3415 colligi
672 3336 775 3404 potest.
805 3330 864 3397 Vel,
892 3335 925 3386 ut
998 3348 1042 3386 uss
1066 3342 1192 3387 nascitur
1213 3348 1247 3388 ex
1261 3346 1386 3388 moerore
1412 3331 1512 3386 demur
1533 3329 1700 3412 temporalis
1716 3347 1723 3385 :
1737 3346 1806 3386 uem

90 3401 131 3457 ait
148 3403 220 3470 utet,
234 3403 339 3460 dicitur
362 3404 451 3469 Actio,
475 3403 544 3486 quia
569 3404 598 3460 iu
622 3418 683 3475 ipsa
697 3403 923 3459 onustissimum
978 3347 1053 3459 geue
1068 3402 1214 3459 neminem
1229 3402 1351 3486 repellit,
1366 3401 1390 3456 si
1409 3406 1488 3457 recto
1506 3401 1665 3457 intentione
1690 3417 1808 3458 conser-

8 3486 10 3505 t
92 3472 200 3530 Christi
215 3474 387 3547 mysterium
402 3478 555 3547 peragitur,
572 3491 628 3548 quo
654 3475 801 3557 ipsesuam
816 3474 852 3529 ob
867 3474 923 3529 im·
978 3475 1200 3529 taturadeum:
1219 3475 1287 3541 Ques
1298 3473 1387 3538 euim,
1404 3470 1478 3527 utin
1499 3488 1562 3543 cap.
1579 3487 1615 3527 rx
1636 3471 1802 3531 Ecclesiast.

8 3576 9 3581 κ
91 3560 227 3601 mensam
240 3547 411 3602 charitatem
423 3562 540 3602 carnem
554 3563 638 3602 suam
662 3561 692 3600 ru
705 3545 812 3611 cibum,
828 3561 923 3601 suum·
978 3541 1614 3627 legitur,Deuminuocauit,etdespeniteumi
1623 3542 1806 3616 Titulusergo

93 3632 148 3687 qne
161 3619 334 3690 sanguinem
349 3615 379 3673 in
403 3622 503 3689 potum
527 3619 579 3673 sub
602 3616 745 3674 velamine
764 3615 923 3688 specierum
977 3615 1069 3672 elissae
1082 3614 1381 3687 intelligendusesteo
1396 3615 1483 3669 modo
1495 3629 1580 3686 quem
1595 3612 1679 3670 initio
1688 3614 1806 3688 bujusce

93 3686 177 3756 panis
189 3693 219 3744 et
232 3689 290 3744 viui
302 3687 444 3759 spirituali
460 3688 616 3745 relectione
632 3688 763 3749 noctibus
775 3687 921 3759 elargitur.
979 3686 1079 3742 scholii
1091 3685 1306 3757 explicavimus.

95 3756 237 3823 Quoniam
252 3776 320 3817 vero
333 3759 396 3816 haec
405 3760 521 3816 nonnisi
532 3759 728 3816 misericordia
738 3765 766 3814 et
775 3757 923 3814 liberaDei
1014 3767 1026 3801 ⁰
1044 3758 1076 3813 lu
1092 3757 1264 3814 Praeiatione
1278 3758 1316 3814 sd
1330 3755 1522 3813 exorcismum
1536 3756 1574 3811 ad
1594 3770 1701 3828 aquom
1715 3755 1805 3813 bene-

95 3828 243 3887 sotuntats
259 3830 343 3896 dunt,
360 3831 498 3904 boecpars
514 3835 591 3888 recte
618 3829 722 3887 dicitur
744 3828 839 3896 Aetio,
855 3845 924 3901 qua·
978 3827 1131 3911 dicendam
1147 3830 1246 3956 {uultis
1262 3826 1805 3956 tetcttonumradetatesinscniunturin

978 3906 1120 3967 nitentem,
1136 3917 1153 3956 u
1179 3916 1239 3957 mos
1251 3917 1280 3956 es
1296 3940 1303 3955 .

97 4001 198 4066 rantur,
211 4015 260 4056 eas
273 3998 399 4056 hocloco
413 3998 554 4055 addendas
566 3998 705 4055 duximus.
1014 3997 1059 4055 Ad
1070 3998 1230 4055 eninm-
1242 3995 1423 4078 Omnipotens
1438 4000 1465 4053 et
1487 3995 1642 4055 misericors
1668 3995 1755 4063 Deus,
1775 3995 1805 4054 in

243 4070 326 4127 duro
338 4070 495 4127 munusue
507 4067 771 4141 suauiloquenti.
977 4071 1058 4142 cujus
1077 4074 1211 4141 potestate
1229 4067 1349 4126 conditio
1377 4068 1496 4125 humana
1517 4067 1657 4137 constetit,
1685 4067 1804 4125 animem

131 4139 315 4222 Omnipotens
341 4142 506 4214 sempiterne
532 4141 616 4209 Deus,
631 4140 676 4212 qui
703 4140 827 4196 virorum
841 4137 924 4198 simut
977 4139 1229 4198 iamulituiltt.ab
1249 4139 1376 4196 omnibus
1400 4139 1514 4196 absolve
1539 4139 1670 4209 peccatis,
1696 4144 1725 4195 ut
1745 4155 1804 4212 pne·

10 4234 11 4263 ι
97 4206 241 4269 dominans
254 4219 281 4269 et
292 4219 468 4277 mortuorum,
491 4212 666 4284 omniumque
679 4211 828 4277 misereris,
853 4229 923 4285 quos
978 4210 1103 4269 nitentis
1131 4211 1259 4277 fructum,
1278 4227 1360 4284 quam
1374 4210 1500 4267 voluntas
1529 4209 1589 4282 ejus
1603 4209 1720 4283 optavit,
1736 4226 1803 4283 pre·

10 4292 11 4351 j
97 4285 157 4337 tuos
169 4282 226 4341 tide
239 4291 268 4342 et
292 4299 374 4357 opere
389 4282 493 4341 tuturos
516 4300 577 4339 esse
592 4282 750 4356 praenoscis,
775 4288 802 4338 te
821 4282 924 4356 suppli·
977 4288 1059 4341 ventu
1071 4282 1166 4339 mortis
1182 4300 1237 4340 non
1252 4282 1357 4355 perdat.
1369 4282 1421 4338 Per
1431 4280 1576 4337 bornicum
1595 4287 1727 4338 nostrum.

97 4355 161 4409 citer
176 4371 333 4421 exoramus,
349 4363 379 4411 ut
393 4371 443 4428 pro
469 4353 568 4427 quibus
590 4355 730 4411 attondere
753 4369 849 4426 preces
876 4357 923 4412 de·
1012 4354 1134 4412 Secreto.
1157 4386 1192 4397 -·
1210 4353 1369 4410 Satisfeciat
1387 4351 1450 4421 tibi,
1477 4354 1606 4420 Domine,
1631 4364 1802 4435 quesumus,

96 4424 240 4508 cresimus,
262 4443 333 4498 quos
354 4443 388 4482 ue
405 4426 448 4483 vel
478 4441 602 4497 prensens
619 4425 752 4482 seculum
775 4424 866 4483 adbuc
894 4425 923 4482 in
977 4442 1027 4498 pro
1042 4425 1133 4483 anima
1146 4425 1242 4483 famuli
1254 4425 1293 4481 tui
1307 4423 1355 4481 ltt.
1372 4422 1500 4489 sacrificii
1526 4428 1669 4497 prusenus
1681 4422 1801 4487 Oblatio,

8 4560 10 4571 ¹
96 4509 175 4576 ncne
188 4504 298 4563 retinet,
313 4443 353 4554 ιοἹ
382 4495 506 4555 tutorum
529 4496 584 4553 'am
609 4504 708 4577 exutos
735 4512 848 4571 corpore
863 4513 923 4553 sus-
938 4498 961 4558 [t
977 4502 1004 4554 et
1028 4503 1199 4570 peccatorum
1229 4498 1335 4555 reniam
1361 4512 1442 4568 quam
1468 4494 1595 4577 quesivit
1616 4493 1751 4559 inveniat.
1775 4498 1803 4551 et

8 4608 9 4613 1
95 4578 177 4638 oepit,
191 4568 428 4625 intercedentibus
452 4514 580 4625 omniims
603 4575 707 4624 sanctis
730 4567 796 4635 tuis,
812 4567 924 4639 pietatis
977 4567 1153 4642 quodofficio
1176 4568 1279 4641 lingum
1300 4566 1414 4641 implere
1431 4582 1484 4646 non
1511 4570 1610 4638 potunt,
1637 4565 1802 4625 desideretur

95 4640 147 4694 tun
159 4642 309 4698 clementia
321 4639 482 4696 delictorum
498 4655 609 4696 suorum
622 4637 729 4696 reniam
753 4655 924 4714 consequan-
976 4640 1143 4714 poenitentiae
1157 4638 1382 4712 compensatione
1394 4636 1535 4717 percipiat.
1559 4636 1612 4692 Per
1637 4635 1797 4695 Dominum.

96 4712 144 4771 tur.
160 4713 212 4768 Per
220 4711 378 4768 Dominum.
1015 4714 1093 4768 lutra
1103 4710 1257 4768 Actionem.
1270 4740 1304 4751 -
1319 4710 1395 4765 Hunc
1407 4708 1493 4781 igitur
1513 4705 1695 4775 Oblutionem,
1740 4724 1803 4764 uam

131 4783 413 4841 cummunio-
432 4780 580 4838 Puriticent
600 4797 663 4850 nos,
679 4796 849 4854 quesumus,
865 4799 923 4839 om·
975 4780 1027 4838 tibi
1043 4781 1181 4845 offerimus
1221 4778 1464 4838 roanimafamuli
1480 4777 1521 4835 tui
1543 4778 1601 4849 ut,
1624 4780 1704 4853 cujus
1719 4725 1803 4860 depo-

96 4858 221 4941 uipoteus
249 4860 277 4911 et
305 4852 461 4910 misericors
486 4855 567 4919 Deus,
584 4856 755 4909 sacramenta
775 4869 835 4925 queo
849 4870 922 4910 sum·
976 4853 1083 4910 sitionis
1110 4851 1182 4908 diem
1202 4798 1251 4908 ill
1279 4849 1458 4932 celebremus,
1475 4866 1646 4975 quesumus,
1672 4852 1801 4918 Domine,

95 4930 368 5057 ttttttttt‘*
382 4923 923 5051 ''td⁰⁰.‘dtttttttt”ttttttt
975 4918 1802 5066 iipiiiiiditititdiri?&ilidii-initii&

97 5071 211 5133 remam,
226 5067 264 5123 sit
286 5012 402 5123 cccliiii>
412 5037 555 5129 socierum,
580 5064 616 5121 sit
630 5063 764 5121 tortitudo
783 5063 921 5137 fragilium
975 5013 1058 5122 steiio
1072 5064 1177 5133 lingum
1193 5081 1245 5120 uon
1270 5062 1369 5137 potuit,
1384 5068 1519 5121 mereatur
1542 5062 1715 5137 indulgentia
1726 5080 1802 5122 sem-

97 5142 128 5199 sit
148 5143 248 5199 conus
263 5136 357 5194 mundi
372 5136 494 5211 periculo
521 5135 729 5202 firmamentum,
749 5135 786 5191 sit
800 5137 921 5191 virorum
974 5139 1091 5209 piterns.
1108 5134 1228 5208 Diesque
1240 5141 1422 5201 obstruente.

97 5220 171 5288 utque
185 5215 358 5267 mortuorum
372 5208 498 5265 remissio
512 5208 633 5264 omnium
657 5206 832 5266 delictorum.
851 5206 916 5265 Per.
1010 5207 1054 5263 Ad
1068 5206 1279 5279 complendum.
1295 5237 1331 5251 -
1352 5208 1425 5264 Deus
1445 5221 1531 5279 aquo
1545 5209 1670 5278 speratur
1689 5205 1802 5264 humani

97 5283 238 5340 Dominum
255 5285 393 5337 nostrum.
974 5277 1097 5350 corporis
1114 5295 1192 5335 omne
1208 5277 1281 5353 quod
1301 5277 1402 5334 bonum
1416 5283 1469 5345 est,
1481 5276 1571 5334 tribue
1586 5293 1633 5351 per
1659 5277 1721 5335 hec
1739 5294 1803 5334 sau·

125 5351 298 5412 ltOmittitur
317 5368 353 5417 qu
393 5365 426 5406 ue
443 5349 501 5407 hnc
515 5349 603 5406 Misso
617 5347 646 5405 in
659 5352 752 5406 nostre
783 5346 919 5417 Editione,
974 5356 1029 5415 cta,
1044 5366 1210 5423 quesumus,
1227 5352 1341 5407 utsicut
1356 5349 1457 5406 animae
1473 5346 1621 5406 famulitui
1644 5348 1696 5407 ltt.
1712 5347 1802 5421 poeoi·

144 5443 171 5481 m
185 5423 292 5481 ideirco
308 5421 354 5478 bic
387 5438 474 5481 emus.
974 5419 1063 5479 tentia
1081 5422 1150 5479 velis
1168 5421 1289 5490 donasti,
1308 5421 1349 5477 sic
1373 5419 1577 5495 indulgentiam
1600 5418 1706 5477 tribuas
1720 5416 1801 5477 mise·

118 5498 168 5554 usu
189 5511 243 5569 pro
270 5493 411 5563 defunctis
428 5491 650 5549 desiderantibus
673 5490 872 5565 penitentium,
895 5498 921 5551 et
974 5497 1051 5551 ratus
1063 5499 1192 5565 optatam.
1207 5490 1259 5549 Por
1272 5493 1427 5549 Dominum.

323 5565 436 5620 minime
451 5564 687 5635 insequentibus.
1009 5562 1117 5621 cnunc
1142 5562 1330 5622 Preietionem
1358 5580 1413 5620 non
1443 5562 1565 5619 continet
1595 5558 1687 5619 Codex
1713 5558 1802 5618 saneti

128 5638 155 5696 Si
167 5636 231 5712 quis
245 5633 439 5708 poeniteutiam
472 5642 580 5708 petens,
607 5633 670 5690 dum
689 5632 818 5690 sacerdos
833 5633 918 5715 venit,
977 5633 1071 5707 litigii,
1086 5651 1164 5709 quem
1177 5641 1240 5708 post
1254 5635 1418 5693 Mensrdum
1432 5633 1579 5690 edidimus.
1605 5630 1697 5688 Videri
1710 5637 1801 5688 autem

97 5708 171 5767 luerit
187 5705 403 5789 officiolioguas
424 5704 559 5777 privatus,
585 5705 765 5762 constitutum
791 5711 877 5762 estut
894 5723 918 5762 ει
974 5713 1064 5781 potest
1079 5705 1377 5772 inliditGussauvilti,
1396 5704 1449 5761 ool.
1473 5704 1539 5761 1554
1555 5707 1583 5760 et
1603 5719 1664 5776 seq.
1694 5701 1802 5761 Exhac

98 5780 190 5839 bona
212 5777 374 5835 testimonia
398 5777 450 5833 hoc
475 5775 607 5845 dixerint,
628 5782 655 5834 et
670 5777 730 5849 ipse
756 5792 807 5849 per
831 5783 919 5834 motus
974 5780 1055 5835 etiam
1065 5775 1174 5834 Praelm.
1191 5776 1371 5834 desumuntur
1385 5792 1446 5850 que
1462 5773 1493 5831 in
1506 5773 1616 5833 duebus
1633 5772 1802 5853 subsequen-

95 5852 196 5929 atiquos
211 5846 361 5918 mtistacit,
372 5848 500 5908 sacerdos
511 5847 625 5924 impleat
648 5846 743 5907 omnia
767 5846 840 5906 ciros
862 5863 921 5923 poe·
973 5847 1049 5907 tibus
1062 5850 1135 5906 uotis
1148 5848 1267 5906 illustret
1280 5846 1405 5921 Angelus
1417 5848 1518 5904 flocco.
