4022 6174
120 236 173 307 lll
264 240 270 253 '

504 232 542 308 n
563 247 594 307 s.
616 232 794 308 ιιιιιιι
814 228 951 305 asason
971 235 1305 307 sronmosronou
1325 238 1446 309 nors.
1479 190 1484 199 ’

1761 234 1819 313 ιιι

119 383 182 433 tuae.
201 376 362 433 Sacerdotes
372 376 415 433 tui
430 376 547 433 induant
565 376 724 443 solutorem,
749 382 773 431 et
793 376 880 433 saneti
894 375 940 433 tui
955 376 981 438 Α
995 372 1058 444 ipso
1079 373 1162 429 altari
1185 374 1319 446 perlecta,
1347 380 1376 432 et
1397 378 1432 433 ab
1447 393 1481 433 eo
1500 377 1720 436 thurificationis
1738 381 1821 438 initio

120 447 260 503 resultent.

149 519 203 643 sta
243 518 285 574 Vei
305 516 446 575 Ecclesiae.
475 518 616 576 Particula
638 519 677 574 oei
695 518 742 574 bic
763 518 939 575 sumiturco·

137 590 250 647 native.

120 609 359 718 Psebtanesis
383 661 567 729 Antiphonem
590 661 786 733 sanctificavit.
810 662 841 716 lu
864 661 935 717 Cod.

120 730 220 789 libem,
238 732 343 807 legitur
357 733 483 787 Conendo
495 733 692 803 Antiplsonorn.
721 732 774 798 Oui
787 732 899 787 babitot
911 732 940 787 iu

121 803 260 872 adiutorio
275 803 419 865 altissimi,
434 822 494 863 curn
510 806 568 875 ipso
584 804 705 861 Psalmo.

149 876 210 930 545.
242 875 297 940 Qui
321 877 485 931 extrinsecus
513 875 646 932 Ecclesiae
667 875 784 945 parietes
804 892 859 929 unu
880 891 941 928 ooce

121 945 244 1017 psallunt.
262 946 353 1001 Locus
371 951 536 1018 corruptus;
560 946 632 1017 lege,
653 951 683 1002 ut
707 947 737 1001 in
751 946 853 1002 Codice
868 944 939 1001 Rhe·

120 1016 230 1076 mensi:
258 1018 488 1083 Quieatrinsecns
514 1017 643 1074 Ecclesiae
668 1018 786 1089 parietes
807 1033 863 1071 una
882 1032 942 1070 voce

119 1087 282 1160 psallentess
319 1096 417 1158 rpunt.
437 1090 467 1143 ln
478 1088 550 1145 Cod.
566 1087 675 1144 Ratoldi
690 1088 809 1144 liabetur
823 1087 851 1142 in
866 1088 941 1142 bunc
964 1142 968 1148 ,

121 1161 235 1215 modum
251 1177 260 1213 :
274 1106 377 1215 birsae
399 1167 493 1231 perpet
513 1167 594 1215 estro
619 1159 759 1215 ecclesium
782 1176 843 1215 cnm
867 1159 941 1214 omni

119 1231 211 1291 ιιιιιιι.
227 1231 598 1302 spargendolerperporietes
606 1232 636 1285 in
644 1230 776 1295 circuitu,
790 1237 814 1285 et
825 1230 941 1301 desuper

118 1301 232 1356 canendo
255 1302 440 1372 Antspbonam
463 1302 593 1365 Benedic,
613 1301 744 1365 Domine,
767 1303 886 1357 domum
904 1301 941 1355 is-

119 1378 185 1438 tam,
203 1377 258 1429 etc.
280 1373 381 1428 Psalm.
406 1375 477 1429 Deus
501 1373 670 1429 misereatur
692 1373 796 1429 nostri.
815 1376 886 1428 Αιιιι
906 1372 937 1427 ι.

119 1446 182 1501 Ecce
210 1444 429 1499 tabernaculum
458 1443 507 1499 Dei
531 1461 597 1499 cum
620 1443 797 1500 bominibus.
829 1390 935 1499 Proin.

117 1514 191 1571 Beati
206 1515 386 1570 immaculati
394 1514 423 1569 in
432 1515 489 1571 via.
506 1515 578 1570 Anti
597 1514 626 1571 ι.
645 1515 776 1581 Denedic,
789 1513 846 1586 42
889 1518 941 1570 Do·

117 1587 202 1650 mine,
219 1587 340 1641 domum
364 1585 461 1649 istam,
476 1591 533 1644 etc.
587 1587 658 1643 inito
682 1587 740 1650 boc,
767 1587 941 1656 inpretatur

116 1659 241 1729 pontisas
266 1662 295 1712 in
318 1657 456 1713 faciedum
476 1674 539 1712 cum
560 1658 633 1712 omni
653 1657 751 1725 seboin,
777 1664 802 1713 et
828 1658 941 1728 incipiat

996 448 1091 510 ducto,
1104 448 1268 502 universam
1283 448 1381 503 circuit
1393 449 1466 504 sacri
1489 449 1540 504 loci
1562 450 1714 507 ambitum.
1734 453 1821 509 Sanc-

994 519 1040 570 tus
1052 516 1177 572 loannes
1190 518 1410 590 chrysostomus
1424 521 1451 575 in
1465 520 1579 592 liturgia
1596 521 1641 577 :'0
1658 519 1687 576 di
1702 520 1821 587 διάκονος
1905 544 1912 547 ·

996 589 1078 660 ὀζμιᾴ
1090 591 1203 662 γύρωθιι
1216 595 1262 647 rie
1276 590 1353 660 οἷγιοιν
1365 592 1505 664 τράπεζαν,
1518 597 1562 643 καί
1573 589 1704 664 δίπτυχα.
1717 596 1747 649 ld
1756 601 1800 651 ιιι
1811 612 1818 651 2

995 658 1137 714 Diaconos
1153 678 1202 730 per
1214 661 1362 715 circuitum
1377 665 1506 719 incensat
1519 680 1631 719 sacram
1647 681 1777 721 mensam
1793 672 1821 723 et

994 729 1140 801 diptycha.
1154 732 1253 786 Canon
1263 733 1280 785 3
1292 732 1492 802 Apostolorum
1508 734 1568 789 :Ne
1583 734 1662 791 ltreut
1673 738 1821 793 sutentati-

993 804 1059 872 quul
1073 801 1150 856 alind
1164 802 1199 856 od
1211 802 1300 857 ultore
1311 804 1410 873 offerre
1423 822 1506 875 quum
1518 805 1608 873 oleum
1618 808 1653 861 ud
1665 807 1818 875 lucernum,

994 877 1040 924 uui
1056 874 1175 945 θυμίαμα
1187 883 1270 946 καιρῷ
1283 882 1330 936 τῆς
1340 875 1415 945 ἁγίας
1440 882 1598 948 προσφορᾶς,
1612 877 1706 948 idest,
1728 886 1757 936 et
1778 881 1819 937 in·

995 960 1112 999 censum
1132 951 1260 1015 tempore
1281 951 1387 1001 sanctie
1402 946 1568 1001 oblationis.

1031 1015 1192 1074 Concilium
1221 1016 1462 1081 Chalcedonense,
1484 1017 1595 1073 actione
1622 1018 1649 1084 3,
1674 1019 1704 1074 in
1724 1019 1819 1077 libello

995 1085 1165 1157 ischyrionis
1183 1087 1296 1143 diaconi
1309 1088 1512 1144 Alexandriam
1528 1088 1669 1155 Ecclesiae,
1689 1091 1737 1146 nbi
1753 1108 1818 1147 con·

994 1157 1123 1228 queritur
1143 1159 1178 1213 de
1194 1159 1327 1215 Dioscoro
1355 1160 1516 1229 patriarcha
1543 1160 1750 1231 Alexandrino,
1772 1164 1820 1234 qui

995 1228 1417 1310 pecaniasaclarissimakffl
1432 1230 1540 1286 lomina
1555 1231 1820 1316 Peristerialegatas

995 1316 1024 1354 ru
1039 1317 1094 1371 pau
1116 1316 1197 1363 erum
1216 1302 1387 1368 subsidium,
1407 1301 1507 1357 scortis
1521 1308 1550 1357 et
1563 1303 1661 1358 mimis
1674 1303 1822 1361 distribue·

995 1375 1060 1427 rat:
1107 1377 1216 1443 tneque
1236 1372 1377 1428 ιἰιιιιιιιιιιι
1399 1390 1432 1427 ea
1455 1373 1588 1428 oblatione
1603 1373 1679 1430 silius
1701 1376 1822 1432 clarissi-

994 1457 1049 1498 mu
1063 1444 1209 1499 meruerim
1220 1444 1379 1499 Peristersas
1391 1446 1534 1516 (quantum
1546 1446 1582 1499 od
1596 1463 1657 1501 eum
1672 1447 1819 1520 pertinuit)

996 1513 1050 1569 Deo
1073 1515 1231 1584 offerretur.
1256 1514 1408 1586 Gregorius
1419 1515 1598 1582 Turonensis,
1620 1516 1649 1573 ia
1676 1518 1743 1573 Vitis
1769 1520 1821 1574 Pa·
1887 1540 1892 1547 -

995 1589 1083 1651 trum,
1097 1586 1125 1639 in
1147 1586 1211 1640 Vita
1226 1587 1318 1641 sancti
1341 1585 1488 1656 Lapicini:
1510 1587 1652 1658 Disponis
1676 1590 1706 1644 in
1721 1590 1821 1645 itinere

994 1656 1171 1727 psallentium
1187 1661 1286 1712 turmis
1299 1673 1361 1713 ouria
1381 1658 1515 1723 arietibus,
1542 1660 1630 1718 cereis,
1648 1667 1727 1731 atquc
1742 1662 1821 1716 odore

114 1729 289 1799 antiphonam
313 1730 335 1783 O
351 1744 438 1799 quam
465 1729 633 1783 metuendus
647 1734 690 1784 est
704 1728 782 1784 locos
799 1729 863 1795 iste,
879 1738 934 1785 etc.
958 1730 1151 1799 Bit-agrantes
1162 1729 1368 1800 thymiamatis:
1383 1735 1412 1785 et
1425 1729 1580 1800 Coryppus,
1593 1729 1641 1785 lib.
1655 1747 1673 1786 ιι
1699 1732 1734 1787 de
1749 1732 1820 1789 Lau·

112 1800 215 1855 Psotm.
235 1801 326 1855 Verba
341 1817 420 1854 moa.
438 1799 552 1871 Antipb.
567 1799 619 1865 Oui
631 1800 741 1855 habitat
751 1800 779 1854 in
794 1798 940 1872 adjutorio

112 1869 265 1927 Altrssimi.
278 1870 382 1926 Psalm.
392 1870 519 1938 idipsum.
530 1871 599 1925 Anti
618 1872 648 1926 b.
662 1871 740 1926 Beati
754 1870 941 1942 quibabitaot

113 1942 140 1996 in
154 1944 243 1996 domo
254 1947 314 2007 tua,
327 1941 461 1999 Dorrrine.
478 1942 579 1996 Psalm.
593 1888 684 2006 ὄιιιιι
697 1941 811 1997 dilecta.
828 1943 867 1996 Et
878 1949 941 1997 turio

112 2020 191 2138 Hm
202 2014 232 2067 in
242 2029 349 2068 sensnm
365 2013 503 2075 irmeerro,
514 2014 618 2068 etdscat
630 2012 701 2068 banc
712 2013 938 2077 Orationem,etc.

137 2090 255 2139 actenus
271 2082 385 2139 Ratoldi
400 2084 506 2139 Codex.

146 2154 219 2219 Ouid
227 2154 264 2209 sit
279 2155 468 2210 acerradocet
481 2155 579 2209 Festus
590 2154 718 2221 :Acerra
730 2161 940 2226 ommquaemte

110 2232 249 2280 mortuum
268 2226 334 2296 poni
355 2226 464 2291 solebat,
488 2226 517 2280 in
530 2242 583 2296 qua
596 2227 692 2282 odores
710 2226 935 2281 incendebantur.

111 2295 209 2367 Aliqui
229 2297 328 2351 sticnnt
349 2297 476 2353 arculam
498 2314 551 2351 esse
572 2296 742 2361 tbnroriam,
768 2296 877 2363 scilicet,
893 2297 939 2352 nbi

113 2367 173 2421 tbus
187 2366 361 2438 reponebant.
380 2368 431 2423 Hic
444 2368 567 2422 sumitur
588 2385 638 2439 pro
653 2367 811 2424 thuribulo.

145 2438 211 2494 sto.
231 2438 369 2493 faciendo
383 2455 489 2494 crucem
504 2456 584 2509 snper
592 2439 760 2510 pauimenta.
776 2439 851 2494 Olim
866 2438 939 2495 busi-

112 2508 183 2564 licas
200 2508 284 2580 signo
301 2509 392 2565 crocis
413 2509 540 2565 adhibito
561 2508 687 2565 dedicari
706 2515 817 2565 certum
840 2516 893 2577 est,
911 2515 942 2566 ut

114 2579 244 2636 ridemus
259 2596 349 2636 serra.
367 2583 412 2645 19,
428 2580 501 2636 iuter
512 2597 599 2651 opera
618 2579 675 2635 divi
686 2581 854 2651 Augustini:
874 2582 941 2637 Cum

113 2652 228 2720 ejusdem
243 2651 499 2708 crutiscbaroctcre
513 2652 635 2708 basiliere
647 2652 816 2708 dedicantur.
833 2653 864 2707 in
879 2652 941 2723 qui·

114 2723 236 2777 busdam
253 2723 433 2779 Editionibus
451 2722 497 2778 hic
511 2740 607 2779 sermo
630 2728 672 2779 est
692 2725 736 2791 15,
753 2726 788 2779 de
799 2723 935 2779 Diversis.

147 2794 214 2849 stt.
234 2794 317 2858 Deus,
358 2812 385 2849 ur
414 2795 470 2849 toea
492 2796 668 2860 nominituo,
694 2799 748 2850 etc.
775 2795 844 2850 Post
867 2796 941 2850 banc

115 2864 282 2920 Orationem
296 2864 323 2919 in
337 2813 409 2921 god.
428 2865 538 2920 ttatoldi
554 2865 616 2921 baec
630 2871 789 2936 sequuntur
809 2885 814 2925 :
829 2867 861 2920 m
876 2874 940 2921 tnnc

114 2952 147 2989 ee
171 2937 278 2991 incenso
300 2936 362 2991 boni
384 2936 480 2992 odoris
494 2937 615 3007 infumat
633 2944 715 2992 totam
740 2936 891 3004 ecclesiam,
916 2943 940 2991 et

114 3016 188 3061 stans
200 3008 229 3060 in
242 3006 329 3061 medio
342 3007 415 3062 dieat
429 3007 626 3078 Antipbonom.
640 3009 747 3063 Domus
760 3024 824 3063 mea
839 3008 941 3063 domus

115 3078 267 3133 Orationis.
290 3077 386 3132 Versus
396 3079 520 3133 Narrabo
535 3095 640 3134 nomen
655 3085 746 3146 taum,
758 3096 819 3134 curu
831 3079 937 3134 Gloria.
958 3096 981 3157 ρ

148 3149 210 3204 bili.
232 3149 270 3203 Et
283 3151 407 3221 ιιιιιιιιιι
418 3149 517 3204 oratio.
534 3151 564 3205 In
577 3150 647 3207 Cod.
660 3149 808 3206 Rhomensi
817 3150 939 3221 legitur:

115 3218 151 3274 m
178 3222 305 3292 sequitur
333 3220 429 3276 Oratio
443 3221 648 3276 cancerationis
670 3220 796 3277 eeclesiae.
819 3223 849 3276 la
866 3224 936 3278 Cod.

117 3290 227 3346 Ratoldi
243 3296 306 3361 post
320 3291 395 3347 hanc
407 3292 573 3347 Orationem
588 3292 737 3364 sequitur:
757 3294 897 3363 Praefatio
911 3293 941 3348 in

118 3362 200 3416 medio
213 3362 341 3418 ecciesiae.
357 3364 479 3419 Sursum
494 3365 592 3435 corda,
609 3371 664 3421 etc.
684 3366 790 3419 Adesto
812 3364 941 3436 precibus

116 3433 230 3557 lnostris,
262 3434 363 3489 adesto
390 3435 588 3506 sacramentis,
616 3440 681 3501 eta,
709 3439 741 3490 ut
773 3435 801 3491 ia
835 3434 941 3492 Ordine

140 3519 255 3559 amano.

151 3575 211 3630 aas.
232 3574 297 3646 Ipsa
306 3575 410 3647 eapteta
421 3575 516 3648 incipit
525 3576 726 3647 Antiphonem,
738 3580 794 3633 etc.
809 3577 941 3634 Ecclesia

118 3645 320 3703 dedicationem
342 3646 447 3718 excipit
468 3647 568 3703 altaris
581 3648 771 3704 consecratio.
793 3650 825 3706 ln
838 3648 940 3705 Codice

117 3712 239 3781 lietoldi,
272 3722 428 3773 anienem
450 3718 542 3775 altare
570 3723 760 3786 consecretur,
779 3719 942 3776 extenditur

119 3788 209 3843 selom
227 3735 377 3859 psallendo
390 3789 584 3860 Antiphonem
597 3790 719 3845 introibo
731 3790 770 3845 ad
781 3791 868 3846 altore
878 3792 939 3849 Dei.

150 3859 189 3915 De
201 3859 418 3916 consecratione
440 3866 536 3917 autem
556 3861 655 3916 attaris
669 3861 723 3917 insi
745 3862 788 3918 ιιίι
802 3862 848 3918 bic
862 3863 940 3918 locus

117 3929 206 3985 sancti
229 3930 358 4003 Gregorii
374 3931 502 4001 Nysaeoi,
522 3932 651 3988 oratione
672 3932 701 3987 ia
719 3879 823 3990 insisti
837 3933 941 4005 baptis-

116 4016 207 4067 mum,
220 4003 366 4056 notandus
379 4002 456 4057 venit
471 4019 477 4059 :
491 4000 560 4056 Ἐπεί
574 4007 707 4057 καὶτοῦτο
722 4002 941 4079 θυσιαστήριονῷ

114 4078 326 4143 παριπικαμιν,
341 4072 420 4138 λίθος,
434 4073 491 4126 ι’στί
510 4077 668 4147 κατὰφύσιν
685 4080 777 4139 κοινὸς,
794 4073 869 4129 obdis
883 4072 942 4128 den·

114 4146 195 4216 pipare
219 4152 270 4195 τῶν
291 4143 374 4195 ἄλλων
389 4143 491 4197 πιακῶν
507 4148 535 4197 ἀι
551 4149 607 4206 τούς
630 4151 740 4217 τοίχους
753 4149 825 4218 ἡμῶν
840 4144 941 4200 oiuodo·

113 4221 206 4284 μοῦσι,
218 4218 263 4266 uui
276 4215 472 4276 καλλωπίζουσι
481 4218 513 4269 τά
526 4213 738 4299 ὶδιέφιχἜιιιιδὴ
750 4220 895 4292 καθιερώθη
908 4219 939 4305 τῇ

995 1799 1077 1853 dibus
1091 1800 1195 1854 tustini
1211 1799 1326 1855 minoris
1340 1816 1346 1853 :

1056 1887 1131 1935 llicat
1142 1887 1256 1949 angelici
1268 1901 1382 1950 pergens
1396 1887 1429 1936 ad
1444 1887 1538 1937 limina
1551 1888 1652 1951 templi,

1056 1949 1187 2061 hassffisizrit
1200 1951 1245 2014 pia
1259 1954 1338 1998 tauro
1357 1949 1432 2006 iocis,
1454 1963 1583 2014 cerasque
1597 1952 1727 2003 micantes

995 2082 1077 2138 Unde
1092 2084 1211 2137 Cosroes
1227 2084 1375 2137 Persarum
1400 2099 1459 2149 rex,
1474 2081 1549 2138 inter
1570 2083 1628 2139 alia
1641 2084 1764 2140 donaria
1778 2101 1821 2141 ec·

995 2152 1088 2208 clesiae
1108 2152 1200 2209 sancti
1224 2153 1314 2224 Sergii
1337 2154 1481 2225 iuncturis,
1507 2154 1683 2210 thuribulum
1700 2172 1821 2212 aureum
1863 2184 1865 2191 v

995 2223 1084 2288 misit,
1098 2225 1133 2279 ob
1157 2224 1268 2296 prolem
1282 2225 1345 2297 ejus
1372 2225 1575 2281 intercessione
1603 2233 1775 2298 susceptam,
1791 2234 1822 2282 ιιι

994 2295 1092 2352 scribit
1102 2296 1329 2368 'theophylactus
1341 2295 1508 2360 simocatta,
1519 2296 1568 2352 lib.
1581 2314 1595 2351 ι
1606 2297 1689 2362 trist,
1702 2315 1765 2369 cap.
1775 2299 1820 2355 li.

1029 2367 1092 2422 55ι.
1120 2368 1153 2422 ln
1178 2367 1267 2423 inedie
1290 2384 1396 2423 ιιιιιιιιι
1422 2367 1533 2441 faciens,
1556 2375 1581 2423 et
1607 2384 1688 2440 super
1705 2377 1823 2441 quotuor

994 2438 1115 2509 ungules.
1138 2438 1278 2509 Antiquos
1299 2440 1371 2494 ritus
1392 2444 1445 2504 est,
1467 2455 1551 2510 quem
1576 2439 1646 2495 olim
1661 2441 1823 2498 observarit
1931 2452 1934 2456 ’

996 2513 1111 2564 sanctus
1130 2509 1290 2565 Germanus
1310 2509 1566 2566 Autissiodorensis
1580 2511 1740 2582 episeopus,
1755 2529 1821 2568 cam

995 2579 1163 2636 Encolismae
1176 2582 1205 2635 ia
1220 2579 1375 2652 Aquitania
1388 2580 1479 2636 altare
1498 2584 1533 2636 de
1551 2582 1666 2638 nomiae
1680 2583 1823 2653 apostolo-

995 2668 1059 2706 rum
1074 2650 1208 2722 principis
1223 2652 1376 2717 dedicaret,
1392 2656 1422 2706 ut
1435 2652 1525 2707 refert
1538 2653 1648 2708 Erricas
1665 2654 1693 2709 in
1708 2655 1821 2727 supple·

995 2726 1094 2778 mento
1110 2739 1166 2779 ms.
1186 2721 1391 2779 miraculorum
1404 2725 1534 2795 ejusdem
1547 2724 1697 2794 pontilicis,
1709 2742 1770 2796 cap.
1783 2726 1818 2781 3:

997 2793 1159 2865 Ubicumque
1179 2800 1204 2847 et
1216 2795 1316 2864 quoties
1338 2812 1386 2863 per
1399 2795 1497 2850 ottenis
1519 2812 1627 2851 cornua
1644 2797 1820 2879 mediumque
1912 2862 1917 2867 θ

994 2864 1084 2919 crucis
1098 2864 1215 2936 effigiem
1229 2865 1396 2934 sarectilicoti
1414 2867 1546 2938 unguinis
1568 2866 1670 2937 liquore
1688 2875 1818 2938 signauit,

994 2935 1035 2991 ita
1049 2952 1176 3001 marmor
1187 2936 1365 3005 irnpressione
1378 2937 1487 3007 pollices
1497 2937 1674 3008 liguetactnm
1686 2938 1821 3009 subterfu-

995 3007 1044 3133 sit,
1057 3013 1086 3062 ut
1095 3006 1289 3077 odimputsum
1303 3008 1385 3079 digiti
1398 3008 1507 3063 uioeorn
1517 3017 1628 3080 potares
1640 3010 1745 3064 cenasse
1753 3008 1820 3065 mol·

1007 3087 1094 3135 ιιιιιιι.

1032 3149 1113 3214 Quod
1132 3153 1230 3204 autem
1252 3148 1322 3204 olim
1336 3147 1439 3204 altaria
1461 3166 1527 3206 com
1547 3149 1629 3221 signo
1643 3150 1734 3207 crucis
1748 3150 1819 3207 sole·

994 3224 1060 3275 rent
1075 3220 1247 3290 consecrari,
1263 3221 1372 3275 clarum
1388 3224 1431 3276 est
1445 3227 1506 3276 tum
1526 3236 1560 3276 ex
1572 3223 1659 3277 citato
1672 3222 1744 3289 loeo,
1759 3226 1820 3283 tum

996 3307 1029 3347 ex
1043 3306 1177 3346 sermone
1189 3308 1276 3362 supra
1289 3291 1376 3347 citato
1389 3292 1480 3347 sancti
1496 3291 1663 3364 Augustini:
1679 3294 1747 3349 Cum
1763 3295 1821 3364 citu

994 3364 1083 3419 mucis
1097 3364 1257 3418 charactere
1268 3362 1388 3420 basiliere
1406 3363 1577 3431 dedicentur,
1602 3365 1711 3436 ottorio
1729 3380 1820 3419 cousc-

994 3441 1130 3490 moritur.

1030 3505 1092 3559 553.
1112 3503 1317 3560 Fundamenta.
1335 3504 1363 3560 lo
1382 3505 1450 3561 Cod.
1471 3504 1594 3570 Ratoldi,
1610 3522 1692 3576 onom
1706 3504 1817 3562 dilecto.

995 3574 1025 3630 la
1040 3575 1109 3630 Cod.
1128 3576 1229 3642 Rhem,
1244 3592 1327 3646 quam
1341 3575 1481 3642 amabilia,
1498 3576 1575 3647 quod
1591 3576 1708 3646 perinde
1722 3580 1777 3634 cst.

1029 3646 1092 3701 ost.
1116 3647 1152 3701 m
1161 3646 1261 3717 unguit
1270 3663 1334 3702 cnm
1346 3663 1436 3703 manu
1447 3663 1497 3703 suo
1513 3662 1600 3716 ipsum
1616 3647 1743 3717 lapidem.
1762 3649 1819 3704 Un-

994 3716 1097 3773 ctioais
1116 3717 1249 3773 altarium
1265 3735 1332 3773 usus
1345 3717 1481 3788 antiquos
1499 3723 1550 3773 est.
1566 3717 1645 3773 illius
1656 3717 1763 3773 mentio
1776 3721 1819 3774 est

995 3788 1024 3844 in
1040 3789 1159 3860 epistola
1174 3789 1264 3844 sancti
1281 3788 1398 3843 Damasi
1420 3805 1500 3860 popm
1516 3789 1553 3843 ad
1567 3789 1699 3845 Numida
1713 3789 1818 3859 episco-

995 3876 1046 3942 pos
1066 3878 1073 3915 t
1090 3860 1146 3917 Nec
1161 3862 1251 3916 attare
1262 3861 1374 3931 eripere,
1389 3876 1440 3914 nec
1458 3875 1569 3929 ungere,
1585 3876 1636 3915 nec
1654 3876 1778 3924 sacrore;
1793 3866 1818 3917 et

995 3948 1024 3986 ιιι
1039 3932 1120 4002 epist.
1135 3932 1180 3996 88,
1195 3948 1259 4002 qum
1277 3932 1360 4003 vulgo
1374 3934 1473 3985 sancto
1487 3930 1573 3986 Leoni
1593 3930 1728 3987 tribuitur
1742 3949 1748 3987 :
1764 3932 1818 3987 Sic·

995 4009 1025 4058 ut
1039 4004 1199 4057 constitutio
1212 4003 1319 4067 aitaris,
1343 4019 1377 4056 oc
1389 4002 1557 4066 Benedictio,
1571 4003 1611 4056 oet
1623 4003 1731 4060 unctio.

1030 4074 1108 4128 ldern
1127 4074 1221 4129 ridere
1246 4079 1289 4129 est
1312 4074 1341 4127 in
1359 4073 1472 4127 decreto
1485 4072 1586 4129 Felicis
1602 4074 1646 4139 tv,
1669 4074 1742 4145 apud
1755 4074 1822 4129 Bur·

995 4145 1146 4210 cbardum,
1162 4145 1212 4200 lib.
1227 4162 1265 4213 ιι,
1278 4161 1342 4215 cap.
1361 4144 1396 4198 58
1413 4160 1418 4199 :
1436 4145 1472 4199 Et
1485 4144 1585 4199 rescieris
1599 4145 1718 4200 Domino
1729 4161 1820 4199 sacra·

997 4217 1041 4281 tis,
1057 4224 1081 4271 et
1100 4233 1178 4270 sacro
1199 4224 1330 4272 unctione
1358 4231 1377 4271 a
1393 4215 1569 4286 pontificibus
1588 4216 1728 4281 delibutis;
1746 4220 1775 4270 et
1793 4215 1822 4269 in

113 4292 241 4338 ιϊζιθιοιι
257 4287 381 4359 Θιραιιιίᾳ
402 4292 447 4339 καί
471 4307 518 4346 την
533 4287 651 4359 ιῦιιγίαν
667 4285 782 4355 ἐδέξατο,
810 4292 867 4341 ἔστι
882 4309 942 4363 rpu—
997 4286 1419 4359 epistolaisidorijuni01·isttd
1445 4287 1643 4342 Luillridum:
1668 4285 1822 4357 Adspiran-

113 4356 180 4416 ιιιζοι
202 4357 274 4428 ἁγία,
291 4359 480 4434 θυσιαστήριον
499 4357 635 4433 inpactos.
652 4360 681 4414 ld
692 4364 736 4416 est
751 4376 758 4414 :
772 4360 806 4414 Et
826 4359 880 4415 boc
901 4360 940 4416 al·
996 4375 1063 4430 pum
1073 4358 1194 4428 pertinet
1209 4358 1390 4414 basilicarum
1405 4358 1583 4423 consecratio,
1601 4358 1697 4414 unctio
1712 4357 1823 4413 altaris.

113 4430 174 4482 tare
199 4432 342 4493 sanctum,
362 4429 407 4486 cui
426 4430 597 4494 assistimus,
608 4430 679 4501 lapis
703 4435 746 4486 est
763 4447 816 4486 sua
837 4435 941 4489 natura
1000 4432 1033 4485 Et
1048 4429 1075 4483 in
1088 4428 1287 4500 supplemento
1295 4446 1381 4500 supra
1393 4429 1491 4499 citato,
1502 4435 1530 4484 et
1539 4429 1603 4484 aliis
1611 4428 1823 4486 auctoribusin-

113 4499 287 4565 commanis,
304 4500 374 4555 nibil
389 4500 523 4556 differens
536 4503 572 4556 ab
584 4500 650 4556 aliis
664 4501 776 4569 crustis,
792 4501 942 4573 exquibus
998 4500 1053 4567 ira,
1069 4501 1104 4556 de
1120 4500 1283 4555 chrismatis
1300 4502 1441 4565 unctione,
1458 4499 1624 4555 laudandis.

116 4570 205 4624 nosui
219 4576 407 4627 exstruuntur
420 4571 552 4642 parietes.
564 4577 593 4628 et
605 4570 769 4643 pavimenta
784 4578 937 4630 ornantur.
1032 4572 1094 4627 555.
1114 4571 1435 4643 Ecpletopsoimomittit
1446 4572 1549 4627 iterum
1560 4572 1659 4641 olemn,
1671 4575 1724 4627 etc.
1741 4569 1822 4626 ltain

116 4639 170 4696 Sed
186 4642 325 4712 quoniam
343 4642 393 4699 Dei
415 4642 503 4699 cultui
518 4648 717 4699 consecratum
739 4650 790 4711 est,
814 4650 843 4701 et
858 4647 941 4701 bene·
996 4641 1099 4699 Codice
1115 4642 1277 4712 Rhemeosi,
1290 4659 1353 4714 quse
1369 4647 1467 4698 tamen
1482 4644 1587 4699 desunt
1609 4644 1639 4698 in
1651 4642 1753 4698 Codice
1768 4645 1820 4697 lta·

114 4710 270 4768 dictionem
288 4712 406 4786 accepit,
426 4730 527 4770 mense
548 4720 649 4770 sancta
668 4720 723 4783 est,
735 4715 826 4771 altare
838 4716 942 4771 imma·
995 4713 1080 4773 taidi.

114 4781 257 4840 colatum.
1031 4786 1096 4841 556.
1119 4786 1206 4841 Μιιιι
1233 4801 1346 4856 surptus
1374 4784 1467 4849 Jacob,
1496 4801 1559 4841 cum
1581 4785 1692 4840 Psalmo
1712 4784 1821 4840 Donum

116 4922 123 4933 ι
148 4854 213 4913 550.
234 4855 271 4909 m
285 4854 384 4926 tundit
395 4853 468 4927 quod
479 4857 657 4913 remansitde
671 4858 729 4926 ipso
740 4874 820 4930 aqua,
835 4861 888 4915 etc.
901 4862 942 4915 lta
995 4864 1042 4923 ιιι,
1065 4860 1122 4913 ιιι.
1142 4856 1231 4911 Aliter
1256 4856 1284 4911 in
1310 4857 1411 4912 Codice
1429 4856 1583 4912 Rhemensi
1601 4872 1606 4912 :
1632 4852 1820 4927 Sanctificoolt

114 4925 230 4981 rnCod,
245 4926 350 4983 libem.
368 4927 436 4983 etin
453 4928 616 4983 Ordliom.
633 4929 661 4984 ln
676 4929 746 4985 Cod.
765 4929 939 4997 Ratoldi,le-
995 4928 1133 4984 Dominus
1146 4926 1353 4984 tabernaculum
1366 4944 1457 4993 suum,
1471 4945 1532 4984 cum
1548 4929 1658 4985 Psalmo
1675 4927 1748 4982 Deus
1773 4942 1822 4984 no·

115 4995 210 5122 w:
227 4997 263 5052 Et
281 4998 380 5068 [undat
400 5015 496 5069 aquom
517 5016 597 5069 super
620 5000 735 5064 altorio,
758 5007 785 5057 et
804 5001 942 5073 abstergat
994 5008 1051 5055 ster
1065 5000 1217 5071 refugium.

134 5067 138 5075 '
199 5076 243 5135 ,et
259 5067 395 5124 benedicat
415 5069 537 5125 tabulam
550 5088 584 5125 en·
603 5088 673 5143 aqua
695 5079 796 5126 sancto.
812 5074 940 5144 Sequun·
1030 5072 1092 5126 556.
1112 5071 1201 5127 Mittit
1216 5070 1349 5126 strumo.
1369 5070 1411 5125 lta
1426 5070 1455 5125 in
1470 5069 1571 5126 Codice
1587 5066 1740 5126 Rhomensi
1754 5067 1822 5126 etin

116 5144 214 5209 torque
235 5139 274 5193 ibi
300 5141 343 5194 hae
363 5142 425 5195 dum
445 5141 613 5197 Orationes:
637 5143 780 5213 singulare
795 5143 865 5198 iilud
876 5161 941 5215 pro-
996 5142 1102 5197 Ordine
1118 5143 1302 5198 Homonoia
1318 5142 1389 5197 Cod.
1414 5142 1528 5196 Astomi
1545 5141 1584 5197 sic
1598 5142 1720 5198 babetur
1737 5158 1742 5198 :
1759 5142 1824 5197 Post

113 5208 297 5277 pitiatorium,
313 5215 367 5268 etc.
384 5212 454 5266 itera
465 5211 532 5267 alia:
542 5210 614 5267 Dens
623 5221 788 5285 omnipotens
801 5231 941 5270 universn—
995 5212 1055 5270 beec
1063 5214 1153 5284 ponat
1160 5218 1303 5270 inmersum
1314 5222 1339 5269 et
1351 5213 1484 5277 cbrismo,
1498 5213 1574 5267 dieat
1586 5229 1598 5269 .·
1611 5212 1761 5269 Ecceodor
1772 5210 1823 5266 sslii

116 5295 176 5335 rum
194 5298 291 5337 rernm
312 5282 486 5338 rutmnubiiis
509 5285 625 5355 nrts'see,
648 5289 715 5346 etc..
738 5289 768 5340 at
784 5285 814 5340 in
834 5286 941 5343 Ordine
995 5284 1063 5353 mei,
1077 5284 1148 5340 sicut
1163 5286 1234 5340 odor
1247 5286 1317 5357 agri,
1332 5285 1377 5341 cui
1393 5284 1536 5341 benedixit
1551 5284 1817 5341 Dominus.Psalm.

117 5347 258 5408 Romano.
995 5357 1064 5411 lirae
1079 5372 1167 5428 qoam
1187 5358 1304 5413 bonssm.
1323 5358 1445 5428 Autepb.
1470 5356 1529 5412 Erit
1549 5357 1619 5411 mibi
1633 5355 1772 5411 Dominus
1791 5353 1821 5432 ia

117 5488 124 5501 ι
148 5422 210 5477 551.
231 5423 326 5478 Postea
341 5423 420 5493 offert
449 5420 594 5480 incensum.
616 5425 845 5484 'thurificationis
872 5445 940 5485 usus
995 5427 1098 5497 Deum,
1121 5434 1174 5483 etc.
1197 5428 1303 5484 Psnlm.
1332 5429 1404 5483 Deus
1424 5434 1533 5483 noster.
1561 5422 1821 5498 Antipbonu.Vidrt

116 5507 144 5547 ιιι
156 5494 280 5550 Ecclesia
294 5495 356 5549 auti
379 5511 430 5550 uus
442 5502 500 5566 est;
511 5495 586 5552 illius
603 5498 734 5553 meminit
746 5503 863 5554 sanctus
877 5500 941 5556 Dio-
993 5499 1080 5555 Jacob
1099 5500 1217 5555 scalam.
1234 5499 1334 5555 Psotrn
1361 5499 1568 5554 Fundamenta.

115 5578 133 5617 n
167 5564 343 5637 ias.oap.3
391 5565 558 5626 ierarchiae:
582 5566 612 5622 '0
631 5575 676 5642 μέν
699 5568 835 5644 ἰιροίρχις
854 5571 938 5643 εὐχήν
1028 5566 1820 5692 Hicautemaltarecbrismateperungiturjuxtavete·

117 5581 184 5711 ibis
204 5637 246 5690 int
262 5643 310 5689 rot
325 5638 395 5689 bstou
411 5638 733 5727 sacramentonum„
754 5639 780 5705 ἐξ
795 5641 876 5695 αὐτοι
889 5650 936 5696 τοῦ
992 5658 1055 5699 rem
1070 5641 1201 5697 Ecclesia
1216 5640 1463 5705 consuetudinem,
1480 5656 1543 5720 ιιι
1555 5655 1570 5693 ι
1582 5653 1633 5693 ιιι
1647 5640 1690 5692 ιιι
1703 5650 1737 5691 ιι
1751 5650 1818 5692 eom

116 5705 209 5781 inpage
225 5707 369 5784 ἂιὲιὶμιιιι
383 5712 426 5762 est
443 5716 530 5765 πᾶσαν
545 5730 651 5786 ιρχιτοιι
674 5716 721 5771 τήν
735 5720 781 5766 τοῦ
796 5714 864 5788 tepeo
879 5735 936 5788 χω·
990 5712 1056 5769 cilio
1071 5711 1239 5784 Agatheam,
1254 5729 1317 5767 ean.
1336 5711 1368 5765 tt
1383 5711 1512 5765 :Altnmo
1525 5708 1629 5779 placuit
1646 5722 1700 5762 non
1722 5707 1816 5764 sotum

116 5795 161 5839 me
177 5786 314 5863 περιοχὴν.
332 5779 363 5837 ld
382 5784 426 5839 ιιι
441 5797 448 5839 :
465 5782 614 5853 Sacerdos,
633 5800 716 5843 sacra
728 5784 891 5859 precatione
906 5786 935 5843 in
990 5786 1119 5844 unctium
1128 5784 1302 5853 otranno,
1313 5781 1361 5840 sed
1369 5784 1453 5839 ettam
1464 5777 1814 5847 sacerdotatibenedictione
