4022 6174
138 204 200 268 tta
304 202 310 207 ’
523 201 561 267 IN
581 205 612 268 S.
635 198 809 269 anschari
829 194 968 266 LIBRUM
989 196 1312 271 sannaunhrontha
1332 202 1457 272 NOTAE:
1789 210 1848 277 libb

139 408 242 463 aiensis
258 407 351 478 (Apnd
365 408 478 463 Surium
492 409 557 463 Kal.
572 410 690 464 Noremb
701 414 714 477 )
729 407 966 481 :ltaqarcamsub-

139 480 280 535 diaconali
295 481 448 534 irrrnrsterio
460 482 629 551 subigeretur,
647 481 726 536 indie
736 482 963 552 stripinneium,

139 551 272 605 baur-rens
283 567 380 620 aquam
389 552 422 605 de
432 551 517 620 beroia
529 556 673 621 Sequanae,
685 556 747 606 dum
759 502 835 607 beato
843 553 964 605 Pruden-

137 623 177 679 lio
187 638 310 692 episcopo
318 621 591 676 matribusabtueadts
600 625 718 693 offerret,
730 628 842 678 scrutatis
854 623 966 676 steinen-

139 693 185 757 ιιι,
197 696 257 746 oriri
270 709 354 757 sapor
370 694 496 746 inescatus
510 702 547 748 est
571 711 646 764 ,quo
673 696 739 758 riso,
768 695 965 764 obstupefactus

134 764 351 835 pontiti-ajoni!
365 764 464 833 enipso
484 780 562 818 arceo
585 767 615 818 in
641 766 747 820 calicem
773 782 879 819 sacram
901 770 965 835 tua·

137 834 177 897 ιιι,
203 835 280 887 anile
302 835 446 887 unioersus
473 834 598 904 populus,
636 837 719 889 Missa
751 836 892 899 celebrata,
930 835 965 889 ad

136 922 348 959 communionum
373 905 486 974 accepit.
512 906 545 959 lit
573 905 647 961 inlra
678 922 684 960 :
714 907 808 978 ltaque
830 924 890 961 rum
919 906 965 961 vir

134 977 327 1031 inertissimus
335 976 448 1045 quodam
459 979 516 1031 m'ee
530 993 563 1030 ese
576 978 716 1049 officiisui
726 985 854 1033 seruitute
863 994 964 1048 aquam

133 1046 263 1101 aeonibus
278 1047 427 1100 venerabili
450 1049 575 1116 episcopo
603 1050 779 1118 porrexisset,
809 1064 872 1102 mor
901 1048 963 1101 iude

134 1117 254 1172 ιιιιιιιιιιι
282 1134 382 1187 capere
406 1117 528 1188 [rapere.
557 1121 639 1188 Apud
669 1118 781 1175 Graues
818 1119 964 1175 nonsolus

133 1189 293 1259 episcopus,
305 1191 353 1243 sed
367 1188 454 1242 etiam
464 1188 681 1246 circumstantes
694 1191 785 1247 altare
807 1189 963 1260 presbytcri

133 1275 238 1315 manos
251 1260 361 1323 lerant,
378 1264 408 1313 ut
421 1260 509 1330 liquet
523 1277 556 1315 cx
580 1261 689 1316 catech.
713 1263 740 1326 ὅ,
767 1262 963 1335 mystagogica

131 1332 224 1386 saneti
245 1329 340 1401 llyrilli
371 1331 620 1402 hierosolymitani
647 1332 795 1403 episcopi:
817 1332 962 1404 Ἐωριιιατι

132 1407 219 1454 τοίνυν
235 1407 279 1453 τιν
305 1398 425 1453 deiroror
440 1406 483 1453 τὸν
504 1402 632 1473 νίψασθαι
648 1400 758 1455 διδόντα
777 1412 813 1455 τῶ
830 1405 900 1475 isari,
916 1423 961 1454 και

132 1480 189 1535 τοῖς
211 1473 339 1525 rualodus
355 1475 384 1524 τὸ
405 1475 596 1547 θυσιαστήριον
617 1482 662 1525 τοι
688 1477 745 1527 θεοῦ
765 1474 959 1549 πρισὸυτιροις.

133 1545 235 1600 ldcst:
264 1543 379 1598 Vidistis
399 1544 484 1615 igitur
511 1547 665 1600 diaconam
693 1562 797 1615 aquarn
827 1546 961 1600 munibus

132 1614 264 1670 hrandis
278 1614 470 1686 porrigentem
485 1615 608 1685 pontifici
623 1620 652 1671 et
665 1615 772 1670 circum
782 1617 874 1673 altare
884 1622 961 1671 stan·

131 1686 207 1741 tibus
224 1685 396 1757 preshyteris
413 1708 418 1750 ;
436 1691 465 1741 et
476 1694 575 1742 sancto
591 1686 734 1758 Dionysio.
748 1704 812 1759 cap.
837 1690 853 1741 3
870 1688 958 1743 Ecclr.
978 1695 1000 1753 Β

132 1756 243 1812 Hieras.
263 1773 270 1811 :
296 1764 345 1810 ιιαι
356 1755 501 1829 rebaptisati
516 1766 560 1818 τας
574 1763 666 1832 χιιριις
678 1755 758 1809 cidari
773 1768 818 1810 rob
835 1761 960 1833 ιιριιρχιυ

131 1828 398 1901 astronomorum
426 1836 478 1892 est,
499 1834 648 1899 postquam
674 1829 802 1899 pontifex
830 1839 858 1885 et
885 1847 961 1902 pres·

129 1898 223 1970 hylari
235 1916 340 1954 manus
353 1898 495 1956 laverunt.
517 1901 547 1954 ld
563 1904 659 1954 uatem
688 1899 773 1954 tiebat
801 1900 829 1955 in
842 1904 961 1972 Synrho·

128 1969 189 2024 lum
203 1970 337 2052 puritatis
351 1969 455 2025 animae
469 1988 532 2041 quas
548 1974 631 2025 tauta
655 1971 793 2043 {hystoria
812 1974 961 2026 tractanda

128 2057 160 2096 re
182 2041 300 2099 unitur.

160 2059 230 2171 bit
250 2113 288 2167 Et
310 2115 399 2168 omnis
419 2114 554 2183 processio
575 2110 672 2179 offerat
701 2111 757 2166 sibi
784 2111 954 2169 oblationem.

129 2182 207 2239 Olim
236 2182 264 2238 in
295 2185 380 2240 blissa
408 2182 657 2247 coarruunicaturi,
690 2200 738 2237 scu
776 2183 881 2241 clerici.
910 2201 959 2239 seu

129 2254 208 2317 laici,
225 2255 260 2308 ad
274 2255 363 2310 altare
378 2272 460 2310 suain
475 2254 668 2320 Oblationern‚
684 2254 737 2308 boc
757 2260 800 2309 est
812 2271 914 2325 {runem
931 2259 960 2310 et

129 2324 231 2379 riuum
245 2327 282 2380 nd
298 2327 339 2381 sui
356 2325 590 2382 communionem
617 2325 784 2389 offerebant,
806 2326 958 2380 utclarum

129 2399 218 2451 estex
238 2397 359 2452 coneilio
384 2395 583 2452 Matisconensi
614 2412 642 2460 u,
672 2413 724 2450 ean
746 2397 785 2450 l:
808 2398 959 2467 Propterea

128 2466 299 2522 decernimus
312 2475 343 2523 nt
361 2469 389 2523 in
408 2467 530 2523 amitibus
545 2467 694 2521 Doniinicis
723 2466 825 2531 diebus,
855 2467 957 2523 attaris

130 2537 241 2593 Oblatio
253 2538 285 2593 sb
300 2539 422 2594 arelnibus
435 2539 503 2593 airis
524 2547 547 2592 et
564 2537 724 2592 mulieribus
747 2538 896 2607 offeratur,
926 2546 956 2592 ιιι

125 2625 178 2680 per
211 2609 261 2663 bns
283 2610 480 2665 immolationes
502 2616 671 2680 peecatorum
694 2625 806 2663 sacrum
836 2609 958 2675 tussibus

127 2684 252 2744 careant,
268 2687 293 2736 et
308 2697 367 2736 sum
380 2681 451 2737 Abel
463 2687 489 2736 et
503 2681 606 2734 certeris
615 2680 691 2750 inste
702 2679 874 2748 offerentibus
895 2697 957 2747 pro·

126 2759 290 2806 mereantur
304 2768 360 2807 esse
371 2758 519 2806 consortes.
541 2751 663 2822 Esjoan.
686 2749 819 2814 Diacono,
847 2750 876 2803 in
892 2751 957 2805 Vita

127 2824 222 2876 sancti
248 2822 373 2893 Gregorii
400 2838 492 2893 papae,
514 2821 562 2876 lib.
594 2836 624 2877 ιι.
652 2837 713 2892 cap.
743 2822 775 2874 ll
806 2822 957 2876 :blatrona

107 314 110 321 ¹
140 337 342 393 fortunatum.
355 336 386 392 lu
405 333 471 392 Vita
493 337 584 393 sancti
607 337 732 393 Marcelli
747 336 870 409 episcopi
891 334 967 391 Pari-
982 342 1006 402 Α
1022 336 1189 396 loenmesse
1201 339 1429 413 intelligendum.
1446 343 1522 414 quod
1542 341 1664 413 probare
1689 343 1790 403 nititur
1803 346 1848 404 his

1020 411 1179 481 paulopost
1194 415 1376 494 sequentibus
1393 414 1482 468 verbis
1499 432 1505 469 :
1524 414 1849 490 Carnqrrrunieersaquae

1020 482 1124 534 dantur
1135 484 1253 553 papillis
1265 492 1289 538 et
1305 486 1395 540 sideris
1408 490 1595 555 conserantur,
1610 504 1671 557 qna
1681 493 1847 563 lamcnejus

1021 551 1147 621 opinioni
1162 555 1441 610 adversantur-,Nam
1466 557 1489 610 si
1506 559 1637 612 universa
1664 576 1726 628 quar
1743 562 1848 616 dantur

1020 623 1206 679 conferuntur
1219 626 1320 683 viduis.
1335 628 1447 697 pupillis
1462 633 1491 682 et
1518 630 1698 698 pauperihus.
1725 633 1772 700 qui
1784 632 1848 688 ficri

1020 697 1113 765 potest
1129 701 1158 749 nt
1172 713 1206 751 ea
1221 697 1424 751 benedicantur
1438 698 1465 752 in
1483 716 1564 753 ιιιιιιιι
1576 700 1765 769 eulogiarum,
1782 721 1846 774 quas

1020 781 1070 836 per
1082 770 1173 820 totam
1190 768 1336 822 dioecesim
1352 769 1486 822 omnihus
1504 770 1845 830 tlrtetibusdistrihuendes

1019 837 1172 892 mittuntur
1186 837 1200 891 ι
1215 840 1355 894 Praeterea
1375 842 1461 894 verbs
1474 840 1522 894 illa
1545 842 1677 898 dicuntur
1701 846 1735 897 de
1760 846 1845 901 viilua

1019 906 1068 962 illa
1081 925 1097 961 a
1116 908 1226 962 Christo
1241 909 1368 975 laudata,
1378 928 1442 981 qum
1453 910 1522 964 olim
1536 913 1593 965 duo
1605 915 1716 967 mirnrta
1728 915 1846 971 uriserat

1018 976 1047 1032 in
1064 980 1310 1050 gazophylacium,
1333 987 1365 1035 ιιι
1391 987 1469 1052 [sistet
1491 999 1524 1036 ex
1549 985 1791 1050 antecedentibus,
1816 991 1845 1043 ει

1018 1049 1105 1103 etiarn
1123 1050 1373 1121 humanarumue,
1397 1053 1444 1106 dat
1471 1053 1531 1118 illa,
1561 1071 1638 1124 quam
1651 1056 1788 1122 optortebat
1801 1074 1845 1112 ac·

1016 1126 1115 1190 cipere.
1136 1123 1230 1190 ltaque
1246 1122 1273 1176 in
1288 1124 1474 1193 supracitato
1505 1125 1566 1179 loco
1591 1126 1682 1180 sancti
1711 1128 1843 1198 Cypriani

1017 1197 1137 1261 apparet
1151 1192 1259 1248 oblatio
1269 1195 1383 1265 duplex,
1414 1211 1469 1249 uua
1492 1199 1685 1252 consecranda
1699 1197 1726 1253 in
1741 1215 1844 1270 corpus

1017 1259 1131 1325 Christi,
1147 1263 1238 1319 altera
1262 1265 1455 1320 benedicenda
1479 1269 1515 1319 ad
1541 1284 1608 1321 usus
1631 1276 1844 1339 pauperorum

1017 1332 1146 1387 indicant
1170 1334 1234 1397 isla,
1256 1353 1320 1406 qure
1342 1336 1483 1391 corbonam
1506 1354 1613 1393 omnino
1638 1357 1691 1393 reon
1717 1343 1841 1411 respicis.

1016 1404 1111 1469 Quare
1122 1410 1153 1459 ut
1163 1408 1338 1461 demonstret
1355 1406 1478 1477 amplius
1492 1408 1587 1463 divitis
1609 1410 1772 1477 asraritiam,
1784 1429 1843 1468 uon

1017 1481 1128 1529 tantum
1143 1476 1166 1531 ci
1181 1479 1334 1547 exprobrat
1346 1480 1421 1547 quod
1439 1479 1508 1531 nihil
1524 1480 1621 1533 mittut
1644 1481 1671 1535 in
1686 1484 1840 1538 corbonam

1016 1547 1052 1600 sd
1066 1563 1147 1600 usum
1164 1565 1333 1617 pauperum.
1354 1550 1404 1603 sed
1431 1549 1517 1603 etiarn
1541 1553 1617 1630 quod
1639 1553 1673 1606 de
1697 1553 1842 1610 oblatione

1015 1633 1154 1741 pauperes
1170 1620 1371 1673 comunrnicet.
1397 1620 1429 1674 Et
1455 1620 1494 1674 ita
1521 1630 1607 1675 eham
1637 1623 1842 1693 capiendusest

1027 1704 1094 1741 ocus
1123 1690 1214 1743 sancti
1243 1689 1403 1760 Augustini,
1424 1707 1510 1746 serm.
1541 1693 1604 1755 alb,
1627 1693 1661 1748 dc
1679 1697 1838 1753 Tempore:

1016 1758 1181 1822 Oblationes,
1207 1777 1270 1831 qrrre
1302 1763 1332 1814 in
1354 1762 1458 1815 littorio
1492 1772 1695 1827 eoresecrantnr,
1736 1768 1839 1835 offerte,

1014 1830 1180 1886 Ernbrscere
1191 1831 1264 1886 debet
1280 1832 1357 1886 borno
1380 1833 1497 1895 idoneus,
1520 1833 1546 1886 si
1560 1834 1593 1886 de
1605 1836 1693 1890 aliena
1706 1836 1840 1894 oblatione

1013 1902 1261 1957 commanicncerit.
1293 1904 1358 1957 Haec
1380 1902 1509 1957 doctrina
1539 1910 1614 1974 putet
1639 1906 1727 1960 etiam
1750 1923 1782 1962 ει
1794 1924 1839 1963 ca-

1015 1987 1090 2027 uone
1102 1974 1119 2026 6
1133 1973 1243 2028 concilii
1256 1973 1383 2028 Toletani
1399 1991 1453 2038 xri,
1483 1973 1530 2029 uhi
1553 1977 1695 2030 damnans
1718 1993 1767 2032 eos
1789 1979 1838 2048 qui

1015 2044 1334 2098 rotundamcrustulam
1361 2050 1505 2114 sumptam
1523 2045 1557 2099 de
1579 2047 1700 2115 panibus
1712 2048 1770 2102 suis
1784 2049 1839 2103 usi·

1015 2112 1067 2167 bus
1078 2114 1243 2184 praeparatis
1258 2132 1321 2168 cuin
1339 2114 1403 2169 vino
1416 2122 1445 2169 ct
1459 2132 1534 2186 aqua
1555 2118 1713 2172 ollerehant
1727 2136 1766 2174 sic
1782 2125 1837 2174 sta·

1015 2182 1087 2239 tuit:
1106 2184 1179 2240 Uinde
1193 2186 1354 2240 temeritate
1365 2185 1446 2256 liujus
1459 2195 1506 2240 aut
1522 2188 1678 2243 aceriertree
1700 2191 1838 2271 cupientes

1014 2255 1161 2308 tarentinam
1187 2272 1293 2326 ponere.
1333 2256 1363 2309 id
1399 2256 1517 2310 unitatis
1539 2266 1637 2312 trustra
1657 2259 1753 2329 drleqet
1776 2278 1837 2315 con·

1013 2333 1237 2390 versicuculum
1266 2325 1347 2380 aliter
1379 2328 1458 2396 panis
1484 2329 1614 2383 inuitari
1631 2332 1838 2385 Dominisocer·

1012 2396 1096 2450 dolah
1128 2396 1315 2452 benedictione
1334 2399 1545 2469 sanctificandus
1570 2409 1752 2471 proponatur,
1781 2404 1837 2458 nisi

1012 2468 1118 2537 inteqer
1132 2474 1155 2522 et
1170 2469 1278 2523 nitidus
1300 2471 1348 2539 qai
1366 2486 1399 2523 ea
1422 2470 1511 2524 stridis
1539 2471 1625 2541 suerit
1649 2480 1834 2540 praeparatas,

1011 2555 1093 2608 neque
1116 2538 1217 2608 prande
1242 2540 1361 2609 aliquid.
1384 2541 1434 2594 seii
1455 2541 1559 2595 modica
1591 2547 1695 2597 tantane
1729 2543 1833 2609 obtata,

1010 2608 1154 2663 secundam
1185 2611 1254 2680 quod
1294 2612 1475 2665 ecclesiastica
1514 2614 1674 2667 corisuetudo
1707 2620 1833 2670 retentat.

1011 2679 1076 2734 Erat
1087 2684 1182 2734 autem
1203 2680 1250 2736 ille
1266 2680 1347 2750 panis
1369 2683 1518 2747 rotundus,
1546 2683 1692 2738 circularis
1722 2686 1832 2753 torma,

1011 2755 1042 2805 ut
1063 2750 1172 2805 clarum
1197 2755 1240 2806 est
1266 2767 1299 2806 ex
1330 2750 1497 2822 Epiphanio,
1523 2754 1552 2807 iu
1582 2757 1734 2820 ancorato,
1760 2757 1835 2812 cirea

1010 2821 1328 2895 mediumt'l'bps'rpdp
1349 2828 1406 2874 ἐστι
1433 2821 1624 2894 στρογγυισιις
1642 2827 1669 2879 id
1698 2831 1750 2885 cst.
1780 2828 1835 2884 hoc

125 2893 326 2964 quasdamdioo
337 2893 467 2965 Greqorio
479 2910 528 2962 per
541 2893 669 2946 stationes
679 2892 800 2962 pubhras
809 2893 955 2946 Missurum
1010 2894 1087 2948 euim
1104 2898 1147 2947 est
1172 2895 1302 2948 rotunda.
1317 2895 1428 2957 toruum,
1444 2893 1546 2967 inquit.
1567 2911 1632 2949 cnm
1662 2897 1700 2951 ibi
1714 2900 1834 2968 depone

124 2964 258 3018 solemma
283 2963 430 3019 celebranti
452 2964 546 3018 solitas
565 2962 858 3018 oblationesobtaterat
879 2980 888 3029 ,·
910 2966 955 3018 rui
1030 2964 1057 3018 ui
1073 2963 1191 3018 inaltari
1204 2964 1398 3018 sanctificatur
1418 2966 1535 3036 agit;et
1557 2982 1590 3020 ex
1616 2968 1707 3032 isone,
1735 2968 1834 3039 cap.3

121 2980 1044 3110 muniqsteriatraditurascunrdicer·et:t}orpusDomirri(2be
1068 3035 1210 3090 hlirseulis
1231 3036 1321 3091 sancti
1344 3035 1474 3092 Otlnnari
1503 3054 1510 3092 :
1539 3038 1626 3093 Panis
1650 3041 1835 3111 solutaque

124 3106 219 3161 nostri
234 3107 300 3160 lesu
315 3106 418 3161 Christi
448 3110 595 3161 conservet
608 3103 734 3160 anirrrnm
752 3109 843 3169 tuam,
855 3105 953 3160 hessios
1008 3105 1107 3161 oblatae
1124 3106 1264 3163 dicuntur.

124 3176 259 3233 subrisit.
276 3176 953 3247 llleoerodcrteramabrjusorescrivertenspor·
1043 3177 1105 3231 973.
1135 3177 1173 3232 Et
1201 3178 1235 3230 ad
1266 3177 1394 3232 ultimam
1417 3177 1567 3234 incensam.
1604 3181 1730 3236 Subaudi
1767 3181 1835 3237 olle·

126 3248 278 3304 tcmiltam
301 3248 433 3303 dominici
460 3252 581 3319 eorporis
606 3263 687 3317 snper
711 3246 798 3301 altare
821 3247 953 3317 deposuit.
1007 3251 1119 3302 satura
1145 3247 1287 3318 pontilicc.
1306 3250 1388 3316 ,juxta
1417 3250 1568 3321 antiquum
1598 3268 1721 3316 morem,
1752 3253 1834 3324 cujus

123 3319 254 3390 asparis
280 3335 344 3374 vera
362 3319 661 3375 Maiarumsotemniis
688 3333 780 3374 raram
805 3320 903 3388 populo
912 3319 954 3373 in·
1008 3317 1262 3373 meminitsauctus
1278 3319 1445 3389 Hippolytus
1460 3320 1489 3375 in
1507 3321 1578 3377 libro
1602 3323 1637 3378 de
1651 3339 1834 3378 consumma-

161 3391 243 3444 irruit
255 3390 428 3462 quamobrem
453 3406 498 3444 eor
567 3389 730 3444 dominicum
749 3396 892 3458 sumptura
916 3390 953 3444 ri·
1007 3388 1086 3444 tione
1115 3389 1226 3451 mundi,
1243 3393 1271 3444 et
1291 3391 1326 3444 de
1355 3390 1547 3447 Antichristo:
1578 3396 1706 3446 Πινθοῡσι
1734 3390 1764 3447 δι’
1788 3399 1834 3448 και

123 3408 463 3532 bureprosompserirm
480 3459 746 3515 itadiumassitans
768 3460 875 3514 tarrdem
890 3476 954 3530 pro·
1007 3458 1144 3517 ἐκκλησίαι
1173 3461 1261 3520 πένθος
1298 3465 1375 3531 μέγα,
1405 3458 1474 3513 διότι
1504 3466 1563 3515 οὔτι
1587 3467 1737 3538 προσφορά,
1774 3469 1834 3518 οὔτι

123 3533 291 3602 rapiamur
302 3549 411 3603 panem,
432 3533 568 3604 iuquiens,
594 3547 669 3601 quem
691 3530 819 3600 propriis
830 3530 953 3586 manibus
1008 3531 1126 3602 θυμίαμα
1139 3531 1286 3593 marisam,
1303 3531 1332 3584 id
1350 3534 1401 3594 cst,
1431 3531 1567 3602 lugebunt
1591 3536 1679 3589 etiarn
1701 3536 1831 3591 Ecclesiae

122 3602 273 3671 ausmrrse
298 3619 483 3675 eoqnooeram.
507 3610 537 3658 tu
560 3618 657 3673 corpas
684 3601 848 3655 dominicum
859 3602 952 3683 perbi-
1005 3600 1081 3656 luctu
1100 3618 1215 3671 magno,
1231 3601 1360 3672 quisuec
1370 3601 1546 3667 oblationes
1573 3604 1685 3661 sultitus
1712 3606 1773 3660 fiat.
1798 3608 1832 3661 Et

123 3673 361 3729 bedasldetiam
391 3680 489 3728 notum
518 3678 562 3730 est
585 3689 618 3728 ex
632 3677 731 3726 sancto
749 3672 886 3744 Gregorio
900 3674 953 3727 Tu·
1005 3677 1121 3726 sanctus
1133 3672 1270 3742 Ephrem,
1283 3671 1373 3727 iusuo
1389 3676 1643 3730 testamento:Oro
1658 3692 1700 3730 ros
1716 3692 1829 3747 qaoque,

120 3744 254 3809 rocensi,
270 3744 334 3799 hbri
347 3747 382 3800 de
408 3744 505 3800 Gloria
532 3743 741 3807 consessorum,
757 3759 819 3813 cap.
843 3745 886 3803 65.
904 3743 950 3798 uhi
1004 3742 1187 3808 dilectissimi,
1198 3759 1231 3797 ae
1243 3760 1302 3798 cam
1311 3744 1478 3799 aromatibus
1492 3762 1532 3799 me
1539 3746 1685 3816 sepeliatis.
1700 3748 1732 3801 ut
1744 3747 1830 3817 paulo

121 3815 225 3879 refert,
241 3817 317 3886 quod
327 3815 429 3871 mulier
443 3817 573 3887 quiedam
591 3830 641 3885 pro
656 3813 783 3869 deiuncti
800 3813 896 3869 mariti
907 3814 950 3868 sui
1004 3818 1066 3883 post
1084 3831 1092 3868 .·
1110 3813 1180 3869 Date
1191 3815 1541 3885 raparationemtumiboui
1551 3817 1643 3872 odoris
1654 3818 1766 3872 indomo
1776 3817 1827 3871 llo·

121 3886 224 3957 requie
249 3903 354 3958 semper
372 3888 522 3942 sestarium
541 3886 631 3957 quarti
654 3887 710 3939 aine
730 3884 849 3955 praebeor
865 3902 895 3938 m
906 3901 950 3940 sa·
1003 3886 1074 3940 mini
1089 3901 1152 3949 ‚·me
1168 3885 1343 3941 Orationibus
1358 3888 1453 3939 cestris
1465 3888 1641 3942 coriiiturnini
1658 3897 1683 3944 et
1705 3897 1829 3944 aromata

118 3959 265 4028 orificium
284 3958 403 4014 basilicas
423 3965 548 4027 sanetas;
577 3957 622 4010 sed
643 3956 823 4010 subdiaconus
838 3973 949 4026 nequam
1003 3956 1059 4010 Deo
1074 3957 1179 4026 offerte.
1197 3957 1229 4011 Et
1242 3962 1357 4011 sanctus
1375 3958 1552 4023 Ambrosius,
1570 3961 1596 4013 in
1620 3976 1684 4030 sap.
1702 3961 1828 4027 thuere,

117 4044 266 4082 reservans
279 4029 350 4098 quire
363 4037 496 4098 quactum,
517 4036 617 4083 metam
638 4027 894 4081 uehementissimum
908 4026 947 4097 of·
1006 4026 1116 4082 Utinam
1131 4028 1207 4080 nobis
1221 4044 1319 4099 quoqne
1330 4028 1495 4083 adolentibus
1505 4029 1617 4093 altario,
1627 4031 1828 4100 etsacriftcium

116 4099 227 4168 serebat
241 4100 271 4153 in
285 4098 378 4163 calice,
403 4100 516 4154 muliere
539 4116 592 4153 uun
611 4114 713 4169 semper
740 4097 776 4151 ad
805 4099 948 4152 coramuni·
1002 4097 1301 4168 deserentibusussistat
1317 4098 1434 4169 anqclus
1448 4099 1828 4165 imoprrebealseaidendum‚

117 4170 205 4223 condi
219 4171 337 4241 qratiam
351 4171 499 4225 accedente.
526 4171 654 4224 Tandem
681 4170 807 4224 revelata
831 4168 948 4223 subdia·
1037 4168 1098 4223 ert.
1115 4168 1232 4237 Suscipe,
1248 4171 1544 4240 quesumustlomine,
1561 4177 1614 4227 etc.
1642 4170 1760 4227 Videtur
1774 4173 1829 4228 Pri-

117 4242 186 4295 ooni
206 4241 340 4297 fraudes
364 4241 424 4296 viro
440 4245 521 4296 nocte
541 4257 590 4312 per
611 4240 703 4296 visum
730 4239 879 4294 mulierem
900 4241 949 4294 ad·
1002 4239 1120 4301 sossius,
1137 4239 1165 4294 in
1182 4256 1247 4309 cap.
1265 4240 1726 4299 ladllahr..sdhancorstionem
1740 4244 1829 4314 respi-

116 4310 947 4382 moucnte:Eaperreetaadmiraussirionemeamdemque
1001 4326 1075 4375 cere,
1090 4326 1154 4365 curru
1167 4310 1288 4367 scribit:
1322 4310 1396 4367 Uude
1418 4313 1569 4368 sacerdotes
1600 4314 1829 4371 Ecclesiaeattari

116 4382 450 4448 oblivioninontradens‚
471 4384 506 4437 ad
534 4383 698 4438 matutinam
723 4381 935 4437 secundumcon
962 4382 1152 4458 persistentes
1166 4381 1264 4436 dieunt
1281 4381 1549 4454 :Suspensurae
1562 4402 1651 4455 preces
1661 4387 1754 4456 populi
1772 4387 1826 4442 tui.

116 4454 297 4508 madenam
323 4456 457 4508 surremit.
486 4452 589 4519 Quibus
613 4453 725 4524 captetis
754 4450 948 4524 celebratisque
1000 4452 1057 4507 Per
1067 4452 1208 4507 Dominam
1222 4459 1346 4507 aostmem
1356 4455 1451 4509 lesum
1462 4454 1608 4510 Christum
1623 4457 1825 4514 Filiumtuam.

115 4524 225 4587 Missis,
241 4525 346 4579 aceedit
360 4524 525 4595 adparatum
535 4525 666 4587 salutare,
679 4538 740 4593 quac
760 4531 815 4578 tam
840 4523 947 4593 serrem

113 4602 227 4649 natam
242 4594 344 4659 bausit,
365 4603 394 4650 ut
406 4602 517 4667 putaret
540 4596 630 4650 ιιειιιιι
648 4594 749 4649 excuti.
769 4594 854 4650 Vides
878 4611 946 4666 ergo

114 4665 277 4720 manifeste
291 4666 389 4721 vinum
400 4667 429 4721 iu
445 4666 616 4723 sacrificium
645 4665 771 4720 oblatum
798 4664 884 4721 luisse
895 4683 946 4738 pro

112 4740 223 4791 sancta
234 4737 592 4809 commuuionesauguinis
606 4736 721 4793 Christi.
732 4736 765 4791 Et
780 4735 820 4791 its
834 4736 946 4807 capien-

112 4808 172 4863 dus
187 4809 320 4863 estlocus
341 4808 430 4863 sancti
455 4808 598 4880 Cypriani,
625 4808 676 4863 lib.
704 4808 739 4862 de
768 4808 905 4878 Operibus
917 4813 946 4863 et

112 4878 332 4949 eleemosynis:
363 4878 486 4945 Loeuqdes
513 4887 537 4934 et
560 4880 637 4935 diues
660 4895 697 4943 es,
720 4886 745 4933 et
772 4877 945 4934 Dominieum

111 4949 256 5004 celebrare
279 4956 304 5004 te
331 4952 430 5013 creetis,
457 4965 518 5021 quas
540 4950 682 5005 corbonam
706 4949 816 5004 omnino
829 4966 881 5003 non
902 4966 944 5004 re·

110 5022 209 5090 spicis,
254 5036 296 5076 aas
321 5021 494 5076 Βοαιιιιειιιιι
521 5022 579 5075 sine
603 5020 737 5091 sacrificio
775 5022 858 5081 ornis,
882 5037 945 5091 quin

109 5100 220 5171 portem
279 5092 414 5162 sacrificio
440 5091 513 5161 qnod
531 5108 638 5162 pauper
664 5091 760 5146 obradit
783 5094 892 5155 sumis;
916 5098 944 5147 et

8 5168 13 5191 ¹
111 5166 153 5216 ιιι
166 5163 254 5235 vulgo
279 5164 437 5233 explicatur
455 5163 500 5217 hic
525 5162 614 5217 locus.
644 5163 737 5226 Quare
761 5178 818 5218 nou
849 5180 944 5217 asseu-

109 5233 169 5287 tior
196 5234 312 5288 cuidam
344 5234 404 5288 siro
426 5234 510 5289 docto
533 5238 579 5304 qui
605 5233 718 5302 scripsit
747 5233 840 5287 lorum
868 5233 944 5288 truuc

8 5328 9 5343 ι
107 5301 333 5385 intelligendum
367 5321 428 5361 esse
454 5305 489 5360 dc
517 5304 551 5359 iis
587 5321 650 5375 quar
684 5304 878 5358 atterebantur
905 5306 942 5358 ad

107 5375 206 5430 altare
231 5392 260 5431 m
286 5393 369 5430 usum
412 5392 580 5457 pauperum.
611 5379 640 5430 et
676 5374 853 5444 eulogiarum
880 5391 942 5445 qua

105 5446 302 5502 mittebantur
316 5445 485 5502 Christianis
520 5446 609 5528 564
635 5461 684 5518 per
707 5445 833 5501 diversas
850 5460 940 5516 parm·

104 5516 177 5581 cias,
196 5534 268 5589 quas
286 5517 465 5589 accipiebant
483 5517 512 5574 in
542 5534 657 5589 signum
682 5516 895 5571 communionis
911 5517 939 5572 iu

103 5601 167 5644 una
180 5590 345 5660 eademque
369 5588 428 5645 fide
456 5605 522 5645 cum
536 5604 588 5645 suo
611 5588 754 5660 episcopo,
768 5589 796 5643 et
807 5586 851 5644 its
864 5588 940 5645 hunc

1001 4523 1099 4578 Oratio
1111 4529 1204 4579 autern
1215 4523 1318 4579 dicitur
1331 4528 1398 4580 ante
1412 4525 1613 4581 Praelstionem
1633 4544 1666 4582 cs
1682 4544 1763 4583 more
1777 4545 1827 4583 au-

1001 4593 1090 4666 tiquo,
1103 4611 1188 4665 quem
1205 4595 1297 4679 tangit
1308 4600 1424 4651 sanctus
1445 4597 1629 4667 Augustinus.
1639 4614 1716 4653 serm
1731 4600 1776 4653 75.
1790 4600 1826 4654 de

1001 4664 1124 4721 Diversis
1141 4667 1253 4724 :Primo
1265 4667 1367 4738 inquit,
1381 4673 1439 4738 post
1460 4668 1620 4724 Orationem
1641 4669 1827 4725 admonemini

999 4753 1109 4791 sursum
1125 4736 1224 4791 babere
1249 4753 1304 4793 cor.

1036 4807 1097 4863 975.
1113 4809 1276 4863 Diaconum.
1288 4840 1322 4849 —
1331 4809 1361 4864 ld
1371 4813 1422 4874 est,
1434 4810 1635 4878 diaconorum,
1650 4828 1667 4866 ι
1681 4817 1757 4868 recto
1766 4811 1826 4868 dia·

1000 4894 1064 4942 con,
1077 4878 1107 4933 in
1121 4878 1217 4933 dativo
1232 4879 1343 4949 plurali,
1366 4880 1543 4936 diaconibus.

1034 4950 1097 5003 ero.
1119 4949 1199 5014 Deus,
1216 4951 1265 5020 qui
1278 4967 1329 5004 non
1344 4956 1518 5016 mortem,ctc
1544 4953 1593 5006 aa
1606 4952 1746 5024 Apologia
1760 4970 1825 5036 quas

998 5018 1027 5074 in
1050 5019 1132 5076 blissa
1163 5038 1180 5075 ι
1209 5021 1326 5075 Matthia
1356 5022 1467 5092 illyrico
1496 5022 1573 5077 edita
1605 5024 1709 5079 dicitur
1735 5031 1825 5080 etlam

998 5090 1052 5146 hoc
1069 5092 1154 5147 lacos
1165 5091 1318 5162 pontifice:
1339 5093 1416 5147 Tune
1440 5093 1555 5165 incipiat
1581 5092 1690 5149 Seereta
1707 5112 1714 5160 3
1729 5097 1825 5166 quibus
1850 5112 1858 5121 ’

997 5163 1136 5233 finitima!
1160 5164 1329 5235 l‘rafatione
1359 5164 1440 5224 dictu.
1477 5166 1585 5235 quondo
1619 5166 1673 5219 alii
1705 5175 1823 5223 sanotm.

997 5237 1124 5300 Sanctus,
1155 5233 1271 5289 Sanetus
1302 5236 1458 5298 decantant,
1503 5236 1559 5290 bac
1601 5236 1695 5292 Oratio
1721 5239 1824 5295 cursim

996 5304 1108 5358 dicenda
1120 5313 1157 5359 est
1170 5322 1187 5358 a
1200 5305 1334 5360 sacerdote
1348 5324 1359 5360 .·
1373 5308 1486 5361 Donrine
1517 5307 1599 5373 Ocres,
1628 5309 1676 5379 qui
1685 5326 1736 5363 noa
1753 5327 1825 5364 mor·

997 5382 1059 5437 tem,
1081 5376 1126 5429 sed
1136 5378 1268 5447 parsitant
1280 5394 1326 5431 aar
1338 5377 1474 5432 desideras
1493 5385 1731 5449 peecatorumetc.

1032 5447 1094 5501 977.
1117 5447 1270 5502 Benedictio
1284 5448 1386 5504 carreis.
1400 5479 1434 5488 -
1451 5448 1577 5503 liabetur
1601 5449 1630 5504 in
1653 5448 1757 5503 Ordine
1768 5449 1823 5503 ao·

996 5533 1096 5582 mano,
1110 5535 1195 5589 quam
1207 5518 1237 5574 in
1252 5520 1353 5574 eodem
1370 5519 1475 5574 Ordine
1487 5520 1574 5592 565
1584 5519 1738 5589 praecedit·
1753 5520 1822 5589 agni

994 5589 1165 5645 Benedictio.
1191 5590 1224 5644 ln
1243 5591 1344 5646 eodem
1373 5590 1418 5646 die
1442 5590 1572 5657 Paschae,
1593 5590 1622 5644 in
1649 5588 1822 5662 Euchologio

136 5712 195 5766 ἰιι
209 5716 265 5770 ret.
283 5711 406 5768 Sacram.
422 5710 519 5770 Gallie.
546 5713 667 5786 legitur:
683 5712 844 5770 Benedictio
871 5711 908 5767 ad
931 5728 1036 5787 aquam
1065 5712 1274 5771 benedicendum
1302 5713 1333 5769 in
1347 5711 1452 5769 Pascha
1461 5730 1471 5786 3
1495 5727 1578 5784 quam
1600 5710 1724 5786 sequitur
1735 5714 1822 5777 Bene·

96 5782 190 5842 mna
198 5785 276 5841 omni
288 5792 426 5841 memorre
435 5799 591 5858 pomorum,
607 5784 724 5843 ιοιιιιιι
738 5800 788 5858 pro
806 5785 908 5842 amna.
