4034 6180
248 234 306 303 ass

637 240 675 303 nt
695 242 725 303 s.
748 234 923 305 eamean
938 224 1074 301 tronus
1093 206 1418 305 sanusnenmnutl
1441 230 1561 307 nora.

1870 246 1920 313 tta
1995 240 1996 255 ¹

248 375 324 445 quod
333 374 508 447 jamdudum
521 389 571 444 per
583 378 730 445 peccatum
743 374 828 444 primi
840 373 966 430 hominis
985 371 1110 443 possi-A
1130 371 1156 425 in
1180 386 1333 431 commune
1352 376 1526 439 statuerunt,
1553 386 1597 436 ne,
1622 370 1745 428 localiter
1763 372 1796 430 ab
1818 376 1921 436 invicem
1995 372 1996 447 i

249 446 342 503 debat.
360 446 392 499 Et
407 445 473 515 quia
496 452 612 513 nonest,
630 445 713 517 juxta
731 445 910 516 Apostolum,
937 453 1074 501 manentes

250 515 357 570 Christi
375 515 411 569 od
422 515 522 577 Belial,
539 533 586 570 neo
611 517 722 571 secutus
737 517 792 572 luci
803 517 839 572 cd
852 517 1012 583 terebratae
1032 531 1074 571 re·

216 578 221 586 ’
248 585 400 640 diebantur
414 588 547 651 tenebrae,
565 586 650 642 etlux
665 605 730 644 vera
741 586 868 643 Christus
892 532 1074 660 ingredieba-

248 656 360 721 tur.0ui
371 662 399 711 et
409 656 436 710 in
446 656 584 713 Zacharia
593 658 686 730 typice
697 665 811 731 propter
827 665 942 731 peccata
964 664 1072 714 nostra.

248 743 311 797 quae
324 730 352 781 in
367 744 484 798 corpore
499 746 550 784 suo
568 731 700 800 portarit,
709 730 826 785 sordida
840 731 1011 787 vestimenta
1022 730 1073 785 ha-

249 797 342 852 buisse
358 797 459 869 legitur
473 815 480 864 ;
494 804 522 856 ct
547 800 697 872 increpans
720 804 807 856 Satan
836 803 904 873 [Lep.
922 801 1073 871 Salonam]

248 868 407 925 Jerusalem
419 870 504 942 elegit
522 877 663 940 sanctam,
686 871 817 928 virielicet
831 874 998 935 Ecclesiam,
1014 888 1076 941 quea

249 944 294 996 est
307 941 375 995 visio
392 941 477 1011 pacis,
498 960 585 1013 quam
601 943 727 1013 quotidie
741 945 819 1015 prole
839 961 913 999 nora
928 943 1072 1004 lecundat.

249 1010 293 1066 cui
329 1028 359 1066 cr
371 1012 540 1083 prophetam
553 1013 676 1069 diciturr
692 1015 766 1070 Fun
775 1017 820 1070 tui
833 1015 947 1087 deinum
959 1016 1073 1079 onomat,

192 1076 199 1087 “
249 1088 274 1136 et
288 1029 354 1153 tha
376 1091 431 1139 tua
459 1087 488 1137 in
504 1084 586 1139 lutere
601 1093 722 1155 surgent.
741 1086 921 1141 Exoreismus
938 1092 1076 1158 praetcrea

249 1158 293 1207 est
302 1170 397 1207 serruo
406 1154 618 1226 increpationis.
630 1157 745 1214 Undcin
754 1158 869 1214 Actibus
879 1158 1073 1228 apostolorum

170 1276 177 1283 ,
249 1225 395 1280 exorcistae
416 1225 501 1281 tuisse
525 1228 667 1299 leguntur,
693 1233 718 1282 et
734 1234 835 1284 sancta
856 1229 977 1285 Ecclesia
1001 1228 1075 1283 inter

247 1297 352 1420 gradus
361 1296 567 1353 ecclesiasticos
573 1299 776 1354 exorcistarum
787 1299 874 1355 etiam
884 1299 1073 1355 ministerium

269 1367 344 1422 abet.
355 1368 506 1423 Sciendum
515 1386 639 1440 namque
650 1375 693 1424 est
704 1371 771 1441 quia
781 1388 845 1427 cum
855 1369 1073 1437 exorcizatiotit,

247 1436 294 1493 ille
310 1440 407 1508 procul
432 1440 705 1496 dubioerorcizatur
719 1442 808 1511 quiet
830 1443 973 1513 baptismo
988 1446 1017 1497 et
1031 1458 1075 1496 sa·

248 1508 300 1563 loti
315 1509 452 1577 fidelium,
466 1516 495 1566 et
509 1512 643 1567 omnibus
662 1513 813 1568 virtutibus
828 1516 889 1582 ejus
913 1512 1073 1567 contrarius

1130 441 1319 513 discedentes,
1334 443 1477 500 diversum
1503 442 1610 514 aliquid
1628 444 1668 499 rel
1693 443 1829 501 dissonum
1841 451 1924 518 pradi-

1128 518 1236 569 carent.
1252 514 1487 571 [tonantissimum
1499 519 1656 584 namqucet
1675 515 1740 571 utile
1756 523 1820 579 erat.
1834 528 1857 574 ut
1872 523 1925 591 qui·

1128 586 1180 640 bus
1194 591 1257 641 erat
1270 602 1326 641 una
1340 587 1439 642 anima
1453 592 1482 643 et
1494 603 1543 642 cor
1553 602 1639 641 unum
1653 587 1681 643 in
1695 589 1815 645 Domino.
1830 594 1855 645 et
1884 609 1925 647 uos

1129 656 1219 711 sancti
1238 656 1362 728 Spiritus
1372 657 1489 713 altlatus
1505 658 1663 729 vegetabat,
1682 657 1760 713 unius
1774 659 1853 714 etiam
1866 609 1926 717 huet

1128 727 1271 783 consessio
1290 736 1449 784 exornaret.
1465 730 1523 785 Nec
1541 727 1618 785 enim
1634 727 1727 783 dirimi
1748 728 1776 784 in
1790 730 1876 801 aliquo
1890 732 1926 788 rel

1148 804 1271 859 olerent,
1288 800 1492 866 veldebebaut,
1508 799 1555 871 qui
1570 797 1652 855 unius
1667 799 1927 859 tideiriuculnnecte·

1128 816 1243 926 Edatur.
1263 870 1431 942 Plerumque
1457 871 1529 942 [teg.
1547 870 1682 995 pleriguc]
1703 870 1808 926 interea
1820 871 1928 927 Verbum

1128 941 1336 1009 abbreviatum,
1357 959 1407 1013 per
1427 942 1530 997 lsaiam
1553 960 1622 1014 prop
1644 947 1758 1006 etatum,
1771 939 1797 996 in
1811 942 1927 1014 Symbola

1129 1018 1158 1068 et
1170 1012 1464 1068 OrationeDominica
1478 1013 1598 1083 intelligi
1615 1012 1719 1069 volunt.
1734 1011 1928 1069 lnalteroenim

1129 1082 1233 1151 tldci,in
1258 1083 1349 1139 altero
1371 1101 1486 1154 precum
1498 1082 1819 1154 continetnrintegritas‚
1833 1089 1895 1138 utet
1906 1085 1928 1138 in

1129 1156 1278 1209 duodecim
1291 1154 1383 1210 verbis
1392 1156 1543 1211 duodecim
1554 1154 1747 1227 apostolorum
1767 1154 1893 1216 doctrina,
1907 1159 1931 1210 ct

1129 1225 1156 1280 in
1169 1230 1277 1295 septem
1295 1226 1477 1297 petitionibus
1486 1244 1572 1283 omne
1583 1226 1890 1306 contineaturquidqnid
1900 1227 1930 1280 ad

1130 1297 1277 1367 praesentis
1295 1302 1324 1352 et
1344 1297 1447 1353 laturae
1473 1299 1538 1353 ritoe
1555 1299 1678 1370 pertinet
1698 1297 1930 1366 dispensationem,
1995 1356 1996 1363 ,

1129 1368 1265 1433 Quamvis
1286 1369 1370 1424 etiam
1396 1368 1483 1424 totius
1503 1369 1641 1425 doctrinae
1664 1368 1777 1424 terbum
1791 1366 1840 1421 dici
1857 1367 1932 1438 possit

1128 1438 1327 1495 abbreviatum
1342 1439 1409 1511 quia
1423 1441 1499 1511 quod
1516 1440 1592 1511 prius
1607 1440 1652 1495 lea
1667 1444 1696 1494 et
1707 1438 1844 1519 prophetea
1857 1438 1932 1493 conti-
1995 1464 1996 1497 3

1128 1511 1235 1566 nebant
1256 1510 1284 1566 in
1298 1510 1450 1566 latitudine
1472 1516 1673 1583 praeceptorum
1689 1525 1801 1566 centens
1812 1506 1933 1563 Dominus

249 1585 300 1635 est.
330 1580 379 1635 lllo
400 1582 477 1636 enim
496 1583 653 1638 exorcizato
678 1590 736 1638 stuc
751 1585 878 1654 expulso,
892 1583 981 1638 divini
996 1582 1074 1639 verbi
1128 1582 1475 1652 pronuntiarit,etdixit:
1493 1582 1596 1654 Diliges
1613 1582 1754 1637 Dominum
1776 1582 1933 1660 Desertum

248 1651 464 1707 condimentum
480 1654 661 1709 credentibus
675 1657 771 1710 datur.
1128 1670 1161 1707 cs
1176 1659 1230 1707 toto
1244 1653 1324 1708 corde
1340 1660 1395 1720 tuo,
1407 1661 1430 1708 et
1445 1671 1478 1707 ea
1492 1660 1547 1708 tota
1560 1655 1654 1708 animo
1669 1663 1726 1715 tua,
1741 1660 1767 1707 et
1781 1668 1812 1706 as
1834 1657 1889 1705 tota
1901 1667 1933 1704 nr·

286 1743 298 1773 a
320 1722 352 1776 V.
382 1722 415 1778 Εἰ
441 1724 545 1780 ideireo
570 1724 598 1779 hi
613 1726 660 1796 qui
676 1725 838 1796 baptizandi
856 1730 923 1781 srrnt
941 1725 1030 1780 salem
1044 1725 1073 1780 ln
1089 1740 1110 1799 g
1128 1723 1205 1779 ribus
1231 1725 1296 1789 tuis,
1321 1730 1346 1779 et
1372 1726 1525 1795 proximum
1540 1732 1616 1780 tuum
1631 1732 1759 1794 tauquam
1778 1723 1891 1792 teipsum.
1905 1720 1933 1774 la

249 1800 430 1849 sacramento
457 1796 607 1866 accipiunt,
626 1801 656 1851 ut
677 1798 739 1869 ejus
758 1802 843 1867 gustu
856 1797 1072 1852 condimentum
1127 1795 1231 1849 duobus
1243 1795 1383 1850 maudutir
1396 1803 1453 1851 tota
1473 1797 1516 1850 lex
1528 1797 1625 1866 pendet
1639 1804 1666 1851 et
1680 1794 1822 1923 profitens.
1849 1793 1934 1861 laquo

248 1935 338 2061 fiant,
355 1942 383 1990 et
398 1936 604 1994 sintinsulsict
618 1938 700 1994 latui.
717 1940 769 2004 Qui
781 1940 856 1995 enim
869 1939 941 1994 dixit
952 1939 1072 2010 discipu·
1128 1937 1275 1992 breviavit.
1301 1939 1365 1993 llaec
1391 1941 1425 1995 de
1454 1938 1591 2010 Symbola
1617 1943 1646 1993 et
1675 1933 1935 2006 nomineejusdicta

259 2006 283 2061 ia
297 2006 374 2062 suis:
394 2009 514 2063 Vosestt's
525 2010 663 2075 salterrce,
680 2011 740 2081 ipse
751 2011 841 2067 dixit:
857 2011 941 2065 Nemo
965 2011 1073 2066 mittens
1127 2014 1203 2064 sunt.
1919 2073 1924 2085 Ι

247 2094 357 2131 mnam
372 2081 646 2140 eramusmaerore
669 2082 815 2152 respicens
833 2090 917 2146 retro,
928 2098 1009 2153 regno
1021 2097 1073 2137 rae·
1163 2098 1178 2132 a
1200 2079 1254 2134 vtl.
1274 2078 1413 2135 Caeterum
1437 2079 1509 2135 tides
1529 2096 1592 2152 quac
1608 2079 1636 2134 in
1653 2078 1709 2134 hoc
1721 2076 1848 2157 Symbola
1860 2077 1935 2130 contr·

249 2151 336 2203 torum
352 2151 1073 2234 optusessepotest.Utautemquibaptizanturregno
1127 2156 1211 2206 netur
1225 2150 1266 2205 ita
1279 2153 1315 2204 ab
1331 2150 1375 2206 his
1394 2150 1442 2222 qui
1462 2150 1624 2222 baptizandi
1637 2155 1706 2232 sunt
1726 2148 1839 2219 intelligi
1853 2146 1933 2213 debet,

247 2220 385 2275 coelornm
402 2222 460 2292 apti
476 2222 542 2285 sint,
555 2228 583 2277 et
596 2239 631 2277 ne
646 2228 791 2294 praeterita
805 2229 921 2295 peccata
938 2223 1074 2279 iterantes
1128 2230 1159 2277 ut
1173 2221 1335 2277 credentia
1351 2224 1439 2278 [lenm
1456 2223 1572 2278 Patrem
1588 2225 1825 2291 omnipotentem,
1840 2222 1935 2300 creato·

248 2289 957 2361 respiciantretro.eteltlcianturstatuasalis,et
980 2311 1073 2351 rema·
1126 2309 1188 2349 rem
1216 2293 1346 2348 oninium
1374 2292 1527 2349 visibilium
1550 2298 1578 2349 et
1593 2291 1789 2372 invisibilium.
1805 2307 1849 2361 qur
1862 2288 1934 2350 solus,

248 2365 349 2416 nentes
368 2361 503 2417 insensati
521 2365 648 2435 erernplo
663 2382 756 2435 poeaae
771 2366 911 2421 suaealios
925 2366 1073 2426 condiant,
1127 2364 1267 2435 quianon
1292 2368 1335 2418 est
1358 2366 1391 2418 de
1416 2365 1483 2427 alio,
1498 2364 1562 2419 ideo
1576 2363 1738 2435 appellatur
1757 2365 1878 2441 rogentur
1893 2374 1899 2423 ;
1912 2362 1936 2412 et

248 2433 353 2486 debent
370 2436 497 2502 accipere
512 2434 603 2490 salem
618 2436 775 2506 sapientise,
790 2442 821 2491 nt
833 2436 969 2509 quidquid
987 2437 1015 2491 in
1032 2436 1073 2492 eis
1127 2436 1224 2492 lesum
1240 2434 1383 2492 Christum
1400 2435 1502 2491 Filium
1516 2435 1587 2505 ejus.
1600 2452 1651 2506 per
1665 2450 1751 2507 quem
1768 2448 1861 2487 omma
1873 2430 1937 2483 lach

148 1880 152 1883 ’
249 1865 395 1934 sapientie
421 1867 587 1937 percipiant,
614 1884 705 1938 neque
731 1885 868 1939 asapore
881 1867 983 1924 Christi
1001 1867 1074 1923 desi·
1127 1865 1711 1937 evidenterprophetasetlegemduobus
1745 1862 1934 1920 issarmonihus
1995 1930 1996 1941 ἵ

248 2503 1074 2580 llurumetlluidumestverbilleisalecureturetjusta
1128 2512 1318 2572 scutrarum
1334 2506 1436 2571 Deum,
1460 2498 1937 2579 Unigenitum,verumquelleiFi·
1995 2516 1996 2521 ¹

248 2573 415 2699 Apostolum
439 2591 581 2632 memores
610 2594 670 2633 osse
694 2578 788 2633 uxoris
816 2579 898 2635 Loth.
934 2582 966 2635 b't
1002 2579 1075 2635 sicut
1128 2577 1205 2644 lium,
1225 2594 1283 2632 non
1299 2577 1481 2643 inclamant
1495 2576 1749 2648 adoptiru1u3sed
1773 2573 1901 2646 genitam.
1915 2574 1939 2650 et

248 2644 364 2701 Eisaeus
379 2647 447 2701 salis
462 2647 640 2705 immissione
654 2649 834 2705 sterilitatem
855 2668 936 2722 aquae
951 2650 1072 2714 curavit,
1128 2649 1273 2704 utriscum
1301 2652 1382 2704 Patre
1404 2647 1579 2713 substantie,
1609 2653 1698 2720 atque
1721 2647 1762 2702 ita
1785 2662 1832 2716 per
1854 2657 1940 2698 onrnra

248 2716 289 2770 ita
305 2717 441 2772 nimirum
466 2736 549 2774 rarus
576 2720 690 2775 Elisseae
721 2723 857 2777 hominus
880 2723 1074 2778 nostertcsus
1128 2719 1267 2791 aequalem
1281 2719 1338 2774 Deo
1354 2719 1436 2781 Pulsi,
1455 2724 1485 2774 ul
1499 2736 1550 2774 nec
1564 2724 1709 2789 tempore,
1729 2716 1885 2788 necgradu,
1898 2728 1941 2766 ¹1⁰ss

249 2787 377 2843 Christus
405 2789 478 2844 verbi
501 2791 544 2845 sui
563 2807 665 2862 sapore
690 2791 809 2847 fluidam
822 2794 934 2863 generis
956 2792 1074 2848 humani
1129 2794 1269 2862 potestate
1282 2806 1343 2846 esse
1360 2790 1447 2861 possit
1461 2790 1590 2853 interior,
1604 2797 1777 2860 tantumque
1791 2803 1849 2843 esse
1873 2783 1942 2839 illum
1995 2834 1996 2837 ,

248 2858 429 2914 sterilitatem
447 2862 483 2915 ad
505 2861 612 2916 dulcem
625 2863 689 2918 fidei
702 2868 730 2919 et
747 2865 1016 2936 bonorumoperum
1032 2881 1075 2919 sa·
1129 2861 1176 2932 qui
1189 2866 1232 2916 est
1252 2861 1366 2931 genitus
1389 2867 1512 2933 quantus
1534 2865 1577 2916 est
1589 2861 1636 2917 illc
1650 2862 1703 2933 qui
1715 2859 1822 2932 genuit.
1835 2856 1942 2939 Credant

268 2947 346 2985 orem
364 2932 509 3001 perducit:
525 2934 606 3004 eujus
621 2933 687 2988 tidei
702 2934 825 2989 firmitas
841 2939 909 2991 tunc
927 2936 984 2990 'arn
998 2935 1074 2991 clare
1128 2933 1215 2988 etiam
1231 2949 1297 2988 eum
1310 2937 1410 2987 natum
1424 2933 1459 2988 de
1473 2932 1577 3003 Spiritu
1597 2938 1714 2995 sancto,
1729 2935 1757 2987 et
1781 2930 1864 2986 Marta
1875 2941 1941 2981 scm·

248 2946 372 3063 sucessit.
389 3019 454 3058 cum
468 3003 491 3059 is
509 3003 557 3074 qui
573 3004 706 3060 audierat
719 3005 806 3061 solius
823 3006 871 3061 Dei
884 3023 917 3062 cu
932 3014 992 3061 tum
1014 3023 1075 3062 esse
1129 3021 1179 3074 per
1192 3003 1308 3076 virgine,
1326 3003 1356 3058 id
1367 3009 1412 3059 est
1424 3008 1463 3065 ut.
1485 3003 1592 3074 Spiritu
1608 3009 1712 3059 sancto
1728 3003 1940 3084 cooperantem·

248 3074 414 3139 tenendum,
431 3075 506 3130 nude
519 3076 637 3131 audiens
651 3082 768 3132 vocatus
783 3082 826 3132 est
836 3093 844 3144 ;
854 3081 881 3132 ct
900 3077 1002 3132 instrui
1019 3094 1111 3160 cmc
1129 3092 1192 3131 rum
1205 3074 1368 3145 sibicorpus
1379 3091 1413 3130 er
1429 3073 1553 3144 Virgine,
1568 3074 1596 3128 id
1612 3079 1655 3129 est
1671 3075 1724 3129 llei
1738 3073 1942 3154 Filtusassump

248 3148 330 3214 perat
345 3145 379 3200 de
403 3161 478 3201 verae
494 3146 638 3218 religionis
662 3149 750 3213 cultu,
761 3150 837 3204 uode
851 3149 1074 3205 catechumenus
1130 3148 1207 3210 serit,
1225 3151 1256 3202 ut
1270 3146 1317 3216 qui
1329 3151 1393 3202 erat
1404 3145 1434 3201 in
1446 3144 1595 3202 divinitate
1609 3144 1659 3200 Dei
1674 3145 1772 3200 Patris
1787 3143 1942 3209 Frlros,1psc

248 3218 430 3281 vocatusest;
446 3221 474 3271 et
489 3216 816 3286 perexsufflationem‚et
824 3220 1074 3286 exorcizationem,
1131 3218 1222 3273 iactus
1236 3218 1273 3272 sit
1294 3215 1517 3272 inhumanitate
1541 3216 1665 3272 hominis
1681 3214 1786 3271 matris
1798 3212 1877 3269 lilius.
1890 3210 1942 3266 Cre·
1995 3222 1996 3225 ’

247 3290 276 3341 et
304 3285 432 3358 maligno
464 3288 571 3359 Spiritu
593 3290 805 3362 [tepb'piritui]
824 3291 1076 3359 erutusest,etin
1129 3290 1200 3344 dant
1219 3289 1304 3344 etiam
1318 3304 1383 3344 eum
1400 3287 1580 3343 descendisse
1596 3286 1839 3357 ultimatenrporc
1853 3295 1942 3352 prore·

133 3360 140 3371 ’
246 3356 365 3412 datione
381 3358 519 3431 salisjam
536 3360 857 3433 habcrccoepitgustum
880 3363 968 3417 divini
984 3362 1073 3427 verbi,
1129 3360 1295 3430 demptione
1312 3358 1440 3414 rnundia
1459 3359 1554 3425 Patre,
1567 3358 1615 3429 qui
1629 3375 1781 3431 nunquam
1799 3354 1878 3411 desiit
1890 3366 1943 3407 esse

246 3427 389 3484 Tradetur
405 3430 476 3501 [Lep.
492 3431 632 3503 Traditur]
659 3433 684 3488 ei
697 3434 878 3505 Symbolum,
895 3435 924 3489 id
939 3439 982 3489 est
1002 3451 1076 3490 verta
1128 3449 1189 3486 cum
1204 3431 1297 3496 Patre,
1309 3434 1337 3486 et
1352 3430 1499 3485 bominem
1514 3446 1613 3485 rerum
1626 3428 1785 3491 tactummt
1797 3429 1943 3482 humanum

247 3498 313 3554 tidei
334 3499 447 3572 integra
471 3507 499 3558 ct
527 3502 696 3559 inconvulsa
721 3504 874 3569 confessio,
905 3509 934 3560 ut
961 3506 1074 3570 domus,
1129 3519 1217 3575 genus
1232 3502 1314 3557 trono
1327 3502 1470 3570 liberaret,
1486 3506 1515 3556 et
1530 3501 1650 3572 ipsequi
1665 3502 1705 3557 ab
1718 3499 1800 3555 initio
1815 3494 1942 3552 aternita·
1995 3542 1996 3547 ,

248 3570 340 3641 prisco
369 3572 439 3643 [teg.
456 3590 474 3627 a
501 3573 778 3645 priscolhabitatore
796 3575 941 3641 derelicta,
964 3576 1076 3633 fideor-
1129 3581 1183 3629 tem
1198 3590 1263 3628 curn
1274 3573 1357 3628 Patre
1374 3578 1403 3628 et
1417 3571 1524 3642 Spiritu
1538 3578 1637 3628 sancto
1653 3569 1822 3653 possidet,in
1836 3569 1888 3623 stne
1901 3579 1944 3620 sae»

248 3647 350 3706 netur;
367 3648 395 3698 et
410 3646 445 3699 de
460 3662 516 3715 qna
531 3646 620 3717 spiare
636 3646 844 3703 incredulitatis
867 3648 972 3704 evulsae
998 3652 1074 3719 sunt,
1129 3645 1259 3699 culorum
1272 3644 1429 3715 perlectum
1439 3648 1659 3699 naturanostrae
1669 3642 1821 3698 hommem
1831 3650 1945 3714 susceps-

248 3710 387 3785 incipiant
403 3714 430 3768 in
444 3732 478 3770 ea
493 3733 565 3772 verae
582 3717 647 3772 [idei
662 3719 836 3774 documenta
849 3719 983 3790 plantari.
994 3720 1075 3774 Prius
1129 3716 1175 3776 rit.
1190 3721 1219 3771 et
1234 3716 1356 3771 Verbum
1372 3731 1439 3770 caro
1456 3713 1563 3769 tactum
1576 3715 1622 3777 sit,
1639 3714 1817 3770 assumendo
1831 3711 1944 3765 humant·

247 3785 323 3840 enim
351 3785 506 3842 evellendae
534 3793 601 3842 sunt
620 3788 828 3845 incredulitatis
854 3807 911 3845 suta
939 3789 1075 3845 uitiorum
1129 3790 1231 3851 tatem,
1248 3784 1945 3861 nonpermutandodirinitatem.Credautettam

247 3855 348 3926 spinae,
378 3862 407 3912 ct
434 3863 530 3927 postea
546 3861 704 3929 plantanda
718 3864 786 3915 sunt
805 3861 870 3915 fidei
890 3866 919 3915 ct
933 3861 1073 3915 honorum
1129 3874 1195 3913 eum
1213 3858 1363 3928 pertulisse
1375 3857 1537 3939 passionem
1553 3862 1580 3912 at
1596 3860 1723 3939 mortem
1739 3871 1797 3936 non
1812 3854 1840 3908 in
1857 3852 1946 3905 ardulfi

248 3942 367 3995 operum
388 3928 561 3984 rudimenta.
577 3931 658 3985 Unde
669 3934 697 3986 et
706 3930 845 3986 Dominus
857 3930 1073 3987 anteiaciemli·
1129 3927 1297 3987 divinitatis.
1313 3929 1362 3982 sed
1377 3927 1581 3982 rnrofirmrtate
1596 3927 1798 4007 humanatatts3
1813 3926 1946 3978 mortuum

248 3995 350 4051 tiorum
362 3999 446 4055 lsrael
460 4004 569 4071 septem
587 4006 687 4070 gentes
702 4014 716 4044 a
730 4001 851 4074 typhum
881 4003 941 4071 dep.
963 4002 1073 4073 typum]
1128 4015 1195 4054 rara
1210 3999 1305 4054 carnis
1318 4003 1420 4065 nrorte,
1434 3998 1621 4055 resurrexisse
1635 4015 1704 4053 vera
1716 4014 1811 4053 carnis
1821 4005 1948 4073 resurrec-

248 4067 382 4123 ritiorom
396 4074 526 4126 tenentes
536 4072 680 4135 contrivit,
691 4071 719 4126 in
737 4090 859 4143 quarum
883 4072 971 4128 ocoin
986 4073 1074 4144 typho
1128 4069 1249 4135 tione,et
1259 4069 1464 4127 resurrectione
1478 4087 1529 4125 sua
1543 4085 1624 4140 spem
1638 4069 1723 4125 nobis
1746 4069 1948 4124 resurrections

248 4139 323 4211 μορ.
334 4141 408 4264 tipo]
424 4141 561 4196 virtutum
574 4141 758 4198 israeliticum
771 4144 904 4215 populum
913 4143 1073 4201 collocavit.
1127 4141 1281 4198 contulisse
1294 4158 1300 4205 ς
1312 4141 1351 4196 ita
1363 4142 1504 4222 duntaxat
1509 4147 1543 4222 ut
1557 4140 1630 4197 sicut
1641 4139 1688 4222 ille
1703 4139 1792 4196 tertia
1805 4137 1850 4194 die
1865 4146 1947 4190 resur·

249 4213 281 4265 ct
294 4212 330 4265 ad
357 4212 495 4266 cremiam
516 4213 686 4284 prophetam
714 4215 800 4270 dicit:
817 4217 877 4271 Esse
896 4215 1026 4270 constitui
1050 4222 1074 4270 te
1129 4213 1202 4268 rcrit
1228 4212 1338 4268 virosa
1354 4216 1486 4280 mortuis,
1508 4217 1547 4266 tta
1561 4215 1590 4267 et
1604 4227 1656 4266 nos
1670 4228 1701 4266 m
1717 4212 1776 4267 tine
1790 4206 1949 4265 saeculorum

248 4280 327 4335 hodie
350 4298 430 4352 super·
455 4291 569 4353 prateae
582 4292 591 4339 t
606 4301 687 4354 supter
701 4302 793 4357 regnu,
810 4293 839 4340 ut
854 4287 961 4351 raetiae,
977 4293 1003 4341 et
1018 4286 1075 4342 der·
1127 4300 1312 4355 resurgamus
1326 4283 1355 4337 in
1369 4284 1469 4339 cadem
1485 4299 1543 4353 qua
1556 4298 1631 4337 nunc
1641 4281 1767 4337 vivimus
1781 4294 1876 4359 carne,
1894 4276 1950 4354 Cre

246 4358 333 4416 trous,
349 4360 376 4406 et
388 4354 429 4407 dis
444 4354 455 4406 i
472 4371 508 4420 es,
524 4363 548 4409 et
563 4355 751 4424 disperdentes
777 4357 902 4427 oedr'ficer,
918 4367 942 4413 et
959 4359 1072 4427 plantes.
1128 4356 1200 4409 dant
1214 4356 1302 4411 etiam
1315 4371 1381 4410 eum
1397 4354 1425 4408 iu
1441 4355 1542 4410 eodem
1556 4369 1673 4424 corpore
1686 4354 1766 4424 quod
1782 4352 1819 4408 de
1846 4349 1951 4420 virgine

247 4420 328 4503 Prius
340 4423 417 4478 enim
442 4371 514 4480 thart
543 4425 733 4489 evulsionem,
755 4432 784 4483 et
797 4429 1031 4492 destructionem,
1046 4432 1075 4484 ct
1091 4450 1113 4511 D
1129 4427 1316 4497 assumpsitet
1328 4426 1488 4507 passionem
1504 4424 1638 4479 sustinuit
1651 4428 1679 4481 el
1694 4422 1952 4497 resurrexitasccn·

246 4493 469 4564 dissipationem,
498 4500 527 4552 et
555 4497 935 4571 dispersionem;etpostea
953 4500 1075 4570 subiecit
1129 4497 1246 4553 disseio
1262 4497 1456 4557 coelum.etrn
1472 4496 1610 4552 eodemet
1627 4510 1791 4559 nuncesse,
1808 4492 1885 4549 etad
1910 4502 1950 4560 Ju-

247 4563 475 4632 aeditleationem,
487 4572 516 4623 et
530 4568 746 4639 plantationem.
761 4573 794 4625 lJt
804 4572 998 4641 pereumdem
1012 4587 1074 4641 pro·
1129 4567 1235 4624 dicium
1249 4571 1400 4624 venturum
1413 4584 1485 4633 esse,
1501 4566 1718 4628 et.resuscitatis
1734 4564 1879 4625 omnibus,
1891 4562 1953 4638 dete

1129 4639 1191 4695 aliis
1213 4657 1263 4710 pro
1288 4639 1410 4722 peccatis
1424 4637 1554 4709 supplicii
1568 4638 1664 4693 aeterni
1689 4637 1877 4697 sententiam,
1896 4628 1952 4684 altis

246 4634 364 4706 phetam
380 4638 534 4694 aitzsieut
549 4640 666 4710 cipiluui
677 4658 708 4696 su
726 4659 757 4696 er·
768 4659 839 4709 earn,
854 4650 884 4697 nt
899 4642 1074 4707 recluserunt
1662 4708 1666 4717 ,
1726 4708 1732 4718 ,
1889 4703 1894 4712 .

246 4706 399 4774 dentotirer,
428 4718 453 4764 et
475 4710 636 4782 dissiparem
653 4721 678 4767 et
698 4658 889 4785 chipergerem,
904 4714 943 4767 ric
956 4713 1074 4785 cipitata
1128 4727 1178 4782 pro
1202 4711 1322 4783 justitiae
1338 4709 1447 4765 meritis
1467 4707 1783 4764 aternaheatrtudrnis
1799 4715 1952 4778 praeratum.

244 4793 326 4848 super
342 4796 393 4844 eor,
417 4787 448 4834 ut
472 4782 601 4853 edificent
622 4790 647 4838 et
659 4783 786 4853 plantem.
804 4788 838 4840 Et
850 4784 904 4839 hnc
916 4784 990 4850 ideo,
1007 4784 1074 4855 quia
1129 4780 1324 4838 Credantetin
1337 4781 1613 4852 Spiritumsauctum
1624 4780 1716 4835 Deum
1727 4774 1953 4834 verumexPatre

246 4853 310 4921 post
324 4851 561 4910 exorcizationem
574 4859 604 4910 et
630 4855 861 4913 exsufflationem
877 4855 1016 4928 Symboli,
1031 4871 1073 4912 sa·

245 4922 341 4991 quitur
361 4923 487 4978 traditio.

281 5015 294 5042 a
315 4992 363 5051 Vl.
385 4996 465 5059 Quod
489 4996 657 5078 Symbolum
686 4997 784 5053 Latine
812 4997 962 5062 indicium,
979 4997 1022 5053 vel
1038 4997 1075 5053 si·

242 5077 339 5145 gnum.
359 5065 402 5120 vel
422 5065 537 5122 collatio
554 5068 769 5137 interpretatur.
786 5069 1007 5141 lndiciurn‚quia
1023 5086 1073 5140 per

242 5135 271 5189 td
297 5133 441 5192 indicatur
468 5137 533 5192 tldei
555 5138 724 5210 integritas;
742 5139 868 5211 signum,
897 5141 973 5210 quod
990 5141 1026 5195 ab
1040 5156 1076 5197 eo

242 5204 314 5262 bene
330 5211 440 5264 retento
465 5213 494 5263 et
509 5208 1077 5266 intellectotrdalesabintldelibusdiscer·

241 5282 371 5344 buntur;
390 5277 519 5341 collatio.
534 5280 601 5350 qnia
615 5280 642 5335 in
655 5297 688 5337 eo
703 5281 822 5352 apostoli
838 5282 1076 5338 ornncmlideiin·

242 5349 405 5421 tegritatem
420 5351 699 5417 contulerunttluod
712 5358 808 5408 autem
825 5370 927 5409 omncs
939 5353 999 5424 pari
1009 5354 1076 5409 tidei

242 5419 407 5475 sinceritate
434 5424 520 5477 corde
547 5423 717 5488 retinebant,
745 5440 794 5477 ore
817 5423 1029 5489 confessisunt,
1046 5427 1076 5482 ei

242 5491 346 5563 singuli
371 5494 500 5563 proprias
524 5495 679 5549 sententias
695 5496 876 5551 conterentes
893 5496 1073 5565 Symbolum,

242 5563 271 5616 td
284 5567 327 5617 ast
352 5565 438 5619 totius
453 5564 518 5620 fidei
533 5566 718 5621 collationem
735 5567 896 5621 ediderunt.
917 5565 1074 5622 Discessuri

243 5634 491 5693 animabinvicem
499 5653 630 5692 normam
640 5638 740 5693 laturae
752 5638 964 5709 praedicationis
984 5638 1073 5711 365

1129 4852 1261 4923 Filioque
1273 4853 1483 4923 procedentem,
1499 4851 1640 4923 aqualem
1654 4866 1703 4921 per
1719 4849 1822 4905 omnia
1844 4843 1917 4928 Patri
1929 4844 1955 4895 et

1129 4923 1200 4979 Filio
1217 4923 1528 4994 voluntatapotestate,
1543 4921 1711 4984 eternitate,
1727 4920 1956 4993 substanttamec

1129 5011 1191 5051 esse
1201 4995 1230 5050 iu
1246 4996 1301 5050 hac
1319 4999 1420 5050 sancta
1434 4993 1572 5048 Trinitate
1586 4993 1658 5048 ullos
1670 4994 1777 5073 gradus
1791 4989 1897 5116 galbas
1907 4983 1956 5066 alr·

1129 5066 1193 5138 quis
1221 5066 1341 5122 interior
1361 5064 1524 5136 superiorve
1539 5063 1593 5119 dici
1618 5067 1715 5135 possit.
1733 5063 1789 5119 Cre
1812 5065 1864 5115 ant
1878 5064 1956 5113 ettam

1130 5142 1259 5193 sanctam
1276 5135 1428 5192 Ecclesiam
1445 5134 1628 5203 catholicam,
1639 5134 1669 5189 id
1683 5137 1726 5188 est
1742 5128 1957 5213 universalem}

1131 5226 1187 5265 non
1201 5209 1231 5263 in
1248 5212 1375 5263 sanctam
1403 5206 1567 5267 Ecclesiam,
1584 5211 1616 5261 ut
1630 5206 1783 5261 credentes
1798 5204 1829 5258 in
1844 5202 1960 5257 Trmrta·

1130 5285 1199 5336 tem.
1212 5281 1335 5335 Credant
1344 5278 1474 5351 ejusdem
1482 5281 1588 5332 sanctae
1597 5274 1745 5331 Trinitatis
1766 5274 1889 5329 domum
1904 5280 1960 5325 esse

1129 5358 1260 5407 sanctam
1270 5349 1435 5412 Ecclesiam3
1446 5366 1463 5404 a
1475 5350 1556 5421 cujus
1565 5345 1773 5403 communione
1786 5344 1961 5419 discedentes

1130 5421 1305 5478 schismatici
1325 5426 1354 5476 et
1369 5419 1494 5476 haeretici
1523 5422 1668 5483 vocantur,
1694 5421 1808 5472 aterna
1837 5415 1910 5486 [tea.
1935 5423 1960 5463 m

1130 5494 1247 5564 aterna]
1259 5490 1444 5546 damnatione
1454 5495 1607 5562 ponuntur.
1619 5489 1718 5561 lnejus
1733 5504 1805 5543 vero
1816 5495 1963 5542 commun·

1132 5566 1216 5619 utone
1230 5566 1473 5635 perrnancrrtes,et
1485 5564 1616 5616 membra
1626 5557 1728 5616 Christi
1739 5575 1816 5625 esse,
1826 5562 1856 5613 et
1868 5553 1962 5637 remis·

1132 5638 1242 5692 sionem
1260 5639 1440 5707 peccatorum
1455 5634 1606 5705 percipere,
1623 5636 1654 5686 ut
1665 5632 1738 5703 [tea.
1754 5630 1795 5701 et]
1810 5626 1848 5684 ad
1875 5632 1961 5681 artum

279 5774 346 5834 «De
366 5778 541 5855 usurpatione
553 5778 626 5837 vocis
643 5779 703 5857 typi
713 5795 762 5857 pro
778 5778 872 5856 typho,
888 5784 916 5836 et
929 5778 988 5838 rice
1006 5794 1096 5849 versa,
1111 5776 1174 5853 iege
1187 5794 1248 5859 qua
1261 5776 1383 5834 diximus
1398 5774 1448 5832 lib.
1464 5790 1534 5833 xxtu
1545 5772 1657 5846 Marah,
1670 5787 1749 5831 num.
1770 5769 1820 5828 25.
