4074 6174
98 276 141 343 sm
300 240 307 245 ’
459 264 497 336 tn
519 274 549 338 s.
573 268 746 339 aaaooaa
765 226 907 339 tranen
929 266 1253 341 sucasuanrcauu
1273 264 1393 341 aura
1705 270 1764 342 tsi

98 404 226 468 audcdbus
238 404 341 460 citatis.
350 404 489 462 Sacerdos
499 414 597 464 autem
608 409 744 466 attollens
755 407 884 465 Hostiam
901 415 925 474 Α
941 409 1134 485 ἀσπασαμένων
1159 408 1285 472 ἀλλήλους
1308 407 1438 475 ἁπάντων,
1453 410 1519 472 etc,
1529 407 1558 464 id
1573 411 1617 465 est
1633 409 1686 465 :Et
1698 427 1764 468 cum

97 490 130 541 ter
138 479 205 554 567
219 493 281 532 cam
292 494 327 532 ea
341 477 371 532 in
385 493 452 535 aere
461 479 576 553 signum
590 481 680 537 erucis
701 479 833 543 iaciebat,
854 485 885 537 ut
940 498 1078 539 seomues
1091 479 1338 547 osculatrtuerint,
1347 479 1467 551 mystica
1480 495 1628 536 sacrorum
1642 481 1765 538 volumi-

97 558 159 619 docet
173 554 277 606 sanct-us
292 548 450 609 Germanus
467 552 633 622 patriarcba
647 550 886 624 Constantinopo-
940 569 1009 611 num
1025 553 1156 610 recitatio
1166 551 1320 625 peragitur.
1337 552 1375 607 lix
1385 558 1483 609 sancto
1501 550 1614 608 tustino
1626 558 1763 626 martyre.

97 627 176 681 titanas
189 620 213 675 in
227 618 347 676 ruentis
372 620 494 693 mystica
510 639 516 678 :
531 623 626 678 Elatia
645 631 737 679 cutem
755 623 885 680 inultum
939 624 1082 698 Apologia
1098 629 1114 680 2
1128 641 1180 697 pro
1195 621 1373 694 Christianis,
1388 621 1514 686 ἀλλήλους
1545 622 1652 696 slipen
1665 622 1766 679 dcccc-

95 692 342 762 cmerandicorporis
361 696 640 763 repraesentatcrucis
666 696 823 760 etatiossem,
860 700 886 750 et
940 644 1766 770 tapeta,idestineicemnososculamurlleindesubjun·

96 774 180 821 marna
191 763 265 826 inco,
279 768 304 817 et
316 763 402 834 ipsam
415 767 645 823 resurrectionem
660 783 669 822 ;
683 769 719 819 Τὸ
730 762 760 819 dt
778 764 886 838 ὑψῶσαι
939 766 982 839 git
992 769 1135 851 quomodo
1146 764 1399 838 offerturpontitici
1409 764 1492 837 panis
1502 768 1530 845 et
1539 765 1672 838 poculum
1682 783 1765 839 aquea

97 842 128 891 ns
137 839 190 889 isaia
197 838 236 886 τὸν
246 834 336 910 ἄρτου,
348 840 393 888 uui
405 837 486 889 τύπον
496 844 611 913 σταυροῦ
621 842 676 914 τρὶς
688 844 799 896 ποιῆσαι
812 836 837 889 ἑν
848 845 885 909 τῷ
939 842 969 895 el
982 840 1040 895 vani
1051 840 1088 896 ad
1100 836 1357 896 consecrationem.
1373 837 1405 892 ld
1419 836 1505 893 etium
1521 841 1635 895 consini
1648 855 1683 895 ex
1699 855 1766 896 con·

97 909 138 980 tam
149 892 202 981 ῥυτὰ
221 914 267 958 σου
289 898 378 977 τιμίου
393 911 438 959 καὶ
451 907 581 969 taenaron
606 910 699 984 ἄρτου,
714 916 790 962 τοῦτο
804 907 886 962 cluis*
939 909 1004 967 cilio
1019 909 1188 977 Laodicena,
1205 925 1269 966 can.
1285 908 1320 963 lli
1335 924 1344 963 .·
1357 908 1433 974 Ouod
1455 915 1557 980 oportet
1577 925 1693 966 seorsum
1726 911 1767 968 ri-

96 979 228 1033 maldest
250 975 448 1041 :Oucdantent
461 981 689 1052 sacerdosponem
719 979 834 1046 attollit,
859 986 885 1035 et
938 998 1012 1037 mum
1019 989 1076 1054 post
1088 984 1274 1055 episcoporum
1282 995 1415 1036 sermones
1429 981 1683 1038 catechumenorum
1698 927 1767 1041 ὅσα·

95 1050 176 1123 sipnnn
185 1050 269 1105 crucis
283 1054 326 1103 ter
339 1048 405 1117 facit
419 1049 450 1104 in
461 1066 524 1106 aere
536 1068 596 1107 cum
610 1050 762 1107 uenerando
780 1057 806 1107 et
818 1051 886 1107 cici·
939 1052 1039 1109 tionem
1043 1053 1149 1127 peragi,
1164 1051 1657 1124 ;etpostquamcaieritcatecbnmeni‚
1673 1069 1767 1109 eorum

94 1124 166 1194 tracte
176 1137 249 1192 pone.
270 1118 317 1175 boc
338 1120 484 1192 significat.
512 1122 699 1180 Exultationis
722 1120 826 1178 Hostia
856 1122 886 1178 in
939 1126 986 1195 qui
993 1125 1178 1196 paenitentiam
1190 1130 1277 1207 agunt
1288 1123 1355 1194 fieri
1362 1120 1528 1190 Orationem,
1539 1130 1565 1179 et
1576 1140 1636 1180 cum
1646 1124 1695 1180 sub
1710 1142 1767 1180 rua-

96 1190 313 1249 tlissumentiolit
326 1190 356 1246 in
370 1193 388 1245 5
401 1193 588 1264 responsione
603 1193 705 1266 synodi
723 1191 885 1253 Constanti·
939 1212 1007 1252 aum
1019 1195 1178 1252 accesserint
1192 1194 1234 1267 (sd
1252 1197 1305 1263 est,
1324 1209 1391 1250 cum
1412 1209 1515 1251 manus
1530 1193 1571 1251 eis
1585 1195 1766 1268 abepiscopo

95 1262 233 1335 nopotitnna
246 1266 299 1317 sub
312 1261 428 1318 Nicolao
443 1265 617 1334 patriarcba.
940 1264 1047 1323 tuerint
1072 1266 1225 1339 imposita)
1238 1273 1262 1321 ct
1275 1266 1439 1330 secesserint,
1461 1264 1586 1337 fidelium
1612 1282 1707 1338 preces
1726 1267 1765 1323 εἰσ

118 1335 167 1392 stt.
187 1332 227 1390 Vel
238 1334 352 1388 nomina
367 1335 501 1392 cicorum.
515 1336 553 1392 Ut
570 1336 599 1391 in
626 1336 792 1393 Groecorum
806 1333 886 1392 litur·
939 1336 1009 1408 fieri,
1018 1355 1102 1395 naam
1114 1336 1233 1411 quidem,
1244 1335 1610 1408 scilicetprimam,silentio,
1621 1338 1766 1395 secundam

92 1406 131 1480 giis
142 1410 165 1461 et
175 1404 311 1461 catechesi
328 1405 419 1461 sancti
434 1405 515 1479 cyilli
528 1407 723 1480 supracitata,
744 1406 792 1463 ubi
822 1411 887 1479 post
939 1415 1032 1465 autem
1039 1414 1065 1465 et
1078 1405 1445 1479 tertiamattacoceimpteri,
1462 1405 1518 1460 εἶτα
1528 1407 1596 1461 οὕτω
1608 1409 1765 1484 σὴνοίρήνην

91 1476 305 1533 mnsecrationem
320 1480 558 1535 commemoratio
573 1478 606 1534 lit
618 1480 748 1536 vivorum
768 1482 794 1535 et
809 1494 885 1534 mor·
940 1475 1079 1547 δίδοσθαι,
1095 1480 1124 1537 id
1137 1483 1181 1537 est
1203 1478 1312 1543 deiude,
1326 1493 1419 1547 pacem
1432 1478 1505 1534 dori.
1530 1479 1565 1534 m
1589 1480 1675 1551 paulo
1691 1486 1765 1551 post,

91 1555 180 1605 luorum
190 1548 284 1604 simul.
939 1557 985 1605 καὶ
1002 1551 1069 1605 οὖσαν
1083 1557 1130 1611 τὴν
1146 1550 1164 1604 s's
1183 1555 1224 1605 iau
1237 1551 1386 1626 προσθσρὰν
1410 1547 1593 1619 ἐπιτελεῖσθαι,
1609 1549 1638 1606 id
1664 1555 1717 1617 eal,
1741 1559 1767 1608 et

42 1634 43 1649 ¹
115 1620 165 1675 982.
184 1619 802 1694 Oieotdiaconus,etc.Diaconipartessunt
825 1637 887 1675 mo·
939 1624 978 1679 sic
998 1632 1122 1680 sanctam
1147 1572 1310 1679 allationem
1336 1638 1385 1694 per
1433 1620 1504 1676 .Ex
1530 1625 1630 1679 sancto
1654 1623 1767 1680 Jounne

89 1708 140 1771 nere
151 1692 281 1763 populum
296 1695 363 1747 ante
377 1692 622 1760 communionem,
639 1697 670 1749 ut
688 1708 719 1749 se
742 1690 883 1758 humiliet,
940 1695 1155 1761 Cbrvsostomo,
1171 1692 1272 1750 bomil.
1289 1691 1333 1774 td,
1349 1637 1521 1773 inaldpist.
1547 1692 1626 1749 Pauli
1655 1695 1693 1749 ad
1715 1692 1766 1750 Co·

89 1763 245 1820 sueinclinet
260 1764 300 1818 ad
317 1764 547 1821 benedictionem
576 1763 767 1836 episcopalem
800 1762 885 1835 perci·
901 1787 925 1848 B
939 1752 1072 1833 rintbios,
1088 1765 1146 1830 ubi,
1171 1767 1312 1821 enarratis
1339 1763 1522 1819 Oratronsbus
1546 1780 1610 1835 quaa
1634 1764 1767 1823 dicuntur

88 1834 207 1905 piendam,
221 1838 253 1890 ut
266 1835 377 1890 clarum
390 1840 433 1890 est
445 1852 479 1890 cx
495 1834 593 1890 homil.
608 1835 643 1891 aa
655 1834 747 1892 sancti
771 1833 885 1891 Caesarii
940 1853 992 1909 pro
1004 1836 1169 1908 arreptitiis,
1183 1834 1387 1907 poenitentibus
1399 1838 1428 1890 et
1441 1833 1515 1899 aliis,
1556 1834 1583 1890 ui
1602 1851 1661 1891 non
1689 1853 1767 1893 com·

88 1905 250 1962 Arelatensis:
275 1907 313 1960 lit
327 1907 401 1962 illud
412 1906 545 1962 similiter
563 1907 703 1973 admoneo,
713 1905 886 1977 fratrescba·
941 1909 1091 1965 municant
1111 1905 1259 1978 sub'ungit
1272 1921 1279 1962 :
1291 1903 1373 1958 'orm
1387 1904 1489 1982 εἰρήνης
1513 1925 1549 1958 σα
1567 1927 1589 1958 ιν
1601 1906 1768 1981 perstupen-

89 1978 325 2049 smintqaorcescc
361 1977 538 2033 uedioconus
552 1979 719 2035 clamaverit
742 1984 773 2032 ut
788 1994 831 2032 cos
851 1977 887 2032 od
940 1999 1000 2045 ναν,
1017 1984 1062 2033 καὶ
1137 1924 1262 2033 adituum
1281 1973 1340 2050 dia,
1364 1977 1459 2039 πάντας
1473 1977 1569 2050 ὁμοίως
1581 1976 1766 2054 ἀσπαζόμεθα.

88 2046 280 2105 emansorem
295 2050 337 2103 inc
352 2050 429 2104 inore
439 2049 565 2117 debeatis,
581 2065 697 2122 corpora
708 2055 734 2104 et
745 2050 837 2120 capita
850 2047 886 2118 fi·
941 2052 972 2107 ld
984 2054 1043 2108 est:
1058 1998 1178 2108 adalim
1202 2064 1268 2106 cum
1282 2064 1337 2120 pas
1359 2048 1458 2104 danda
1484 2047 1666 2123 vicissimque
1695 2049 1768 2108 acci-

88 2119 168 2174 delites
177 2119 322 2175 inclinetis.
334 2120 524 2176 Etsublinem
536 2138 545 2175 :
559 2121 597 2176 Et
605 2122 766 2193 quotiescun
784 2120 887 2177 cedia·
961 2122 1046 2180 ienda
1066 2126 1120 2190 est,
1146 2136 1247 2177 omnes
1272 2135 1354 2192 mque
1367 2134 1419 2175 nos
1440 2117 1563 2177 invicem
1591 2120 1766 2178 osculamur.

87 2188 154 2245 mrsu
164 2191 333 2255 clamaverit,
345 2198 375 2246 ut
389 2200 437 2247 aut
451 2192 481 2247 in
501 2191 630 2272 Oratione
652 2209 741 2265 genua
767 2138 885 2262 llectere,
941 2140 1069 2250 landem
1084 2192 1166 2248 addit
1179 2189 1342 2275 pontificem
1366 2190 1443 2273 ‘bene
1466 2190 1577 2274 precari
1602 2193 1719 2263 populo,
1739 2197 1769 2250 et

87 2262 309 2318 antBencdictioni
323 2262 463 2319 inclinare
481 2270 572 2331 cancta
601 2262 727 2329 debeatis,
752 2262 887 2318 bedienter
942 2263 1080 2338 populum
1094 2263 1220 2320 vicissim
1246 2260 1384 2335 pontatica,
1409 2277 1475 2318 cum
1505 2278 1530 2318 eu
1548 2264 1712 2335 respondet.
1726 2265 1768 2321 Et

87 2333 229 2403 dddeliter
251 2350 315 2389 cum
339 2351 403 2389 ocra
422 2334 581 2392 bumilitate
600 2335 722 2409 [aciatis.
736 2334 768 2391 ln
781 2333 888 2390 Ordine
941 2335 1120 2408 conspirita
1135 2340 1189 2400 tuo,
1203 2337 1231 2391 et
1262 2330 1388 2405 pontifici
1402 2330 1519 2458 tgratius
1551 2334 1648 2405 agenti
1672 2351 1769 2392 assen-

86 2404 193 2460 ltomano
206 2404 325 2461 idlitab
336 2404 550 2467 archidiacono.
586 2434 589 2439 <
943 2406 991 2463 tiri
1004 2407 1141 2480 populum
1165 2406 1387 2477 respondentem
1423 2419 1488 2475 igne
1511 2406 1540 2461 et
1547 2404 1626 2486 juste
1640 2405 1701 2463 tleri
1716 2422 1724 2475 3
1740 2408 1770 2463 et

42 2544 43 2549 η
111 2475 162 2531 983.
177 2476 382 2533 Humiliateoos
407 2477 445 2533 ad
465 2477 694 2535 liersedietiomem.
718 2478 760 2533 lta
782 2475 812 2532 in
835 2474 889 2532 Or·
943 2484 1005 2536 tum
1019 2480 1137 2534 demum
1149 2475 1314 2550 pontificem
1332 2475 1493 2602 gratiarum
1506 2481 1662 2547 actionem,
1675 2477 1705 2533 id
1725 2481 1769 2535 est

42 2574 43 2593 ν
86 2545 287 2613 diuellomano,
304 2548 374 2605 etin
402 2548 489 2605 bissa
511 2549 673 2606 lloaaraba.
706 2549 776 2604 Vide
804 2563 889 2619 supra
943 2549 1146 2607 l‘raelationem
1161 2546 1316 2620 auspicari.
1360 2550 1535 2619 ucspectant
1550 2546 1602 2604 illa
1625 2548 1768 2607 Timothei

85 2619 824 2703 quadebisbenedictionibusepiscopatibusanobis
840 2619 888 2675 ob·
943 2620 1111 2694 patriarcba
1127 2617 1520 2689 Alexandrini,responsionc
1545 2619 1582 2675 ad
1608 2617 1769 2693 interroga·

85 2695 175 2746 errata
186 2695 263 2749 sunt.
279 2690 382 2747 baram
394 2708 461 2748 usus
475 2692 569 2748 adbuc
582 2694 659 2764 suget
672 2691 701 2746 in
714 2691 889 2764 quibusdam
942 2692 1052 2749 donem
1068 2691 1103 2748 8:
1121 2691 1163 2745 Ἐν
1175 2687 1246 2773 d'ssg
1263 2688 1380 2765 ἀναφορᾷ
1394 2691 1406 2742 ο
1417 2684 1536 2750 διάκονος
1549 2698 1705 2767 προσφωνεῖ
1716 2694 1768 2819 nst

85 2761 202 2819 maledie.
943 2772 989 2818 τοῦ
1013 2763 1165 2836 ἀσπασμοῦ,
1183 2764 1217 2815 Οἱ
1230 2766 1410 2826 mensuraret,
1425 2766 1629 2838 περιπατήσατε.
1645 2762 1676 2818 td
1700 2779 1731 2820 es
1760 2778 1767 2818 τ

108 2832 308 2890 tldllimrdicat
331 2850 386 2899 cos,
408 2838 462 2890 etc.
485 2834 565 2890 llanc
589 2833 823 2891 Benedictionem
847 2831 890 2889 in·
944 2837 977 2895 In
986 2834 1132 2892 oblatione
1142 2833 1356 2890 diaconusante
1365 2830 1570 2889 salutationem
1579 2832 1769 2900 clamatzoni

84 2907 174 2973 tagram
188 2922 243 2961 nou
257 2905 409 2977 exscripsi,
421 2904 488 2977 quia
501 2922 588 2977 supra
611 2906 733 2962 habetur
743 2905 773 2961 ln
785 2904 888 2960 solem·
943 2924 997 2964 non
1009 2905 1210 2963 communicatis
1219 2903 1302 2962 abite.
1318 2903 1371 2962 Ubi
1383 2907 1461 2968 nota,
1478 2919 1543 2960 eum
1558 2904 1646 2961 sacris
1670 2921 1771 2961 arcen-

84 2974 155 3033 aitate
167 2976 297 3048 pascbali
312 2976 378 3032 libri
393 2979 657 3033 sacramentorum.
943 2982 991 3036 tur
1005 2975 1202 3035 catechumeni
1215 2979 1282 3032 ante
1296 2972 1510 3039 salutationem,
1538 2974 1567 3031 id
1582 2979 1626 3032 est
1640 2975 1770 3033 osculum
1868 3026 1873 3033 .

109 3047 160 3101 tat.
175 3048 235 3104 Parc
248 3049 366 3105 Domini
379 3049 417 3104 sit
430 3064 535 3120 semper
557 3048 703 3108 vobiscum.
727 3046 802 3105 Olim
835 3047 890 3103 boc
964 3050 1033 3119 acis,
1052 3048 1136 3106 facile
1151 3047 1282 3105 concludi
1296 3045 1440 3120 ejusmodi
1466 3044 1670 3104 salutationem
1693 3050 1770 3122 apud

84 3115 295 3183 lmodicebatur,
307 3136 366 3192 pan
387 3120 532 3185 uobiscum,
549 3125 591 3175 'ut
616 3119 706 3191 liquet
728 3134 762 3176 ex
789 3123 890 3176 saneto
944 3068 1131 3178 Rroecosfieri
1148 3124 1215 3176 ante
1230 3115 1393 3174 diuinorum
1406 3118 1607 3191 mysteriorum
1622 3136 1771 3177 consecre-

83 3190 227 3262 Augustino,
244 3208 335 3248 serm.
353 3192 388 3246 de
401 3190 563 3247 diversis83
579 3208 586 3247 ε
600 3192 667 3247 licre
680 3189 891 3262 abiestperacta
906 3157 929 3218 c
944 3193 1076 3261 donem3
1096 3208 1164 3249 nam
1175 3189 1198 3247 si
1213 3192 1371 3262 eaperacta
1385 3188 1475 3254 lieret,
1492 3193 1525 3245 ut
1537 3191 1613 3263 apud
1628 3208 1690 3264 nos,
1707 3208 1772 3264 pos-

84 3262 249 3331 nrctitcotio,
286 3262 401 3318 dirimens
422 3262 577 3318 Orationem
604 3262 787 3331 Dominarum,
811 3277 890 3333 guam
944 3269 1009 3321 sent
1018 3262 1120 3337 expelli
1138 3260 1337 3319 catechumeni
1350 3264 1417 3318 ante
1431 3261 1647 3327 salutationem,
1659 3263 1707 3334 qui
1725 3266 1770 3320 ta·

84 3335 200 3403 coepistis
217 3342 242 3389 et
255 3333 433 3389 reddidistis.
448 3334 510 3389 Post
526 3333 732 3405 ipsamdicitar
748 3332 823 3389 :an
844 3349 892 3388 ro·
945 3352 1012 3393 men
1049 3334 1245 3391 interfuissent
1273 3331 1481 3390 consecrationi
1503 3338 1606 3390 contra
1637 3333 1769 3391 Ecclesiae

84 3401 172 3460 liscum
187 3421 195 3471 3
210 3412 234 3461 et
253 3405 417 3461 mcumnlur
427 3421 453 3461 sc
467 3405 624 3461 Christiani
638 3406 668 3460 in
681 3404 771 3461 osculo
783 3412 889 3460 sancto.
945 3407 1067 3464 decreta.
1084 3405 1155 3463 Vult
1168 3421 1237 3476 ergo
1251 3402 1418 3459 Timotheus
1428 3402 1530 3474 expelli
1546 3404 1770 3463 catechumenos

110 3477 162 3530 ssa.
175 3478 297 3533 interim
310 3475 444 3532 osculetur
455 3475 689 3533 Arcbidracanum
710 3483 736 3531 et
765 3483 887 3533 cataros.
945 3473 1544 3546 antesalutationem‚quiaitlacompletose
1554 3476 1769 3549 quamprimum

85 3544 169 3601 surim
181 3548 451 3674 communicaturfis
463 3547 591 3620 pontilex
606 3550 655 3603 dat
670 3546 747 3619 pacis
761 3547 891 3675 osculshm
945 3548 1077 3606 sacerdos
1096 3548 1133 3604 ad
1149 3545 1353 3674 egysteriorum
1365 3544 1623 3673 sancqficationeim
1646 3548 1770 3621 accingit

85 3614 244 3676 'cabritum
258 3619 392 3676 Ecclesia
437 3635 550 3674 omane
576 3635 626 3675 seu
653 3618 770 3684 natine,
798 3618 820 3674 si
871 3617 892 3673 i·
945 3625 974 3677 ct
1004 3636 1042 3676 rm
1064 3623 1136 3675 arat.
1175 3614 1610 3674 rcaccrumritumoimsecua
1638 3619 1770 3675 estanti-

82 3632 186 3757 lspanum
207 3690 356 3763 exceperis
379 3663 603 3762 antiquum,'de
625 3706 681 3772 quo
709 3688 893 3747 Innocentius
966 3638 1002 3747 ul
1016 3636 1161 3762 illlpanite
1171 3687 1304 3759 Ecclesia,
1321 3690 1353 3743 ut
1371 3686 1481 3743 clarum
1496 3692 1540 3744 est
1559 3704 1593 3744 ea
1608 3693 1709 3746 sancto
1720 3690 1769 3746 lsi·

84 3773 142 3830 papa
157 3760 179 3827 l,
193 3762 279 3836 epist.
298 3763 335 3817 ad
351 3761 516 3817 Decentium
533 3761 712 3834 Eugubrnum
726 3760 890 3833 episcopum
944 3710 1026 3824 loro.
1051 3761 1171 3818 libide
1200 3758 1378 3825 Olllc.eccl.,
1405 3774 1468 3830 cap.
1483 3760 1526 3815 tu.
1553 3759 1608 3817 Ubi
1633 3764 1768 3833 quartam

84 3829 163 3887 Parem
173 3835 247 3889 modo
266 3834 443 3889 asserisante
456 3834 574 3903 confecta
602 3834 731 3904 mysteria
764 3832 892 3903 quosdam
944 3832 1111 3891 Orationem
1123 3831 1222 3889 scribit
1242 3829 1298 3887 dici
1318 3846 1370 3902 pro
1385 3829 1480 3887 osculo
1499 3829 1587 3902 pacis,
1613 3849 1701 3903 quam
1724 3849 1769 3890 sc·

83 3902 169 3970 pastu
182 3906 331 3976 imperare,
356 3904 399 3959 cel
410 3902 464 3959 sibi
475 3905 550 3959 inter
565 3921 594 3961 se
606 3904 757 3959 sctmrdotes
771 3903 890 3971 tradere,
944 3904 1041 4033 guitur
1054 3904 1166 3975 quinta,
1191 3918 1249 3976 qua
1273 3918 1309 3959 ex
1334 3900 1412 3957 illius
1436 3903 1516 3958 textu
1530 3906 1575 3959 ost
1602 3902 1715 3961 Oblatio
1740 3907 1770 3963 et

84 3977 558 4048 cumconsiaqnacpers'renon
577 3974 655 4031 debeo
679 3992 734 4046 pac
746 3975 782 4030 sit
803 3991 892 4030 nems-
965 3974 1089 4033 ralatio.

85 4046 307 4111 onninamente,
321 4064 373 4119 per
383 4063 462 4119 pnam
476 4053 575 4102 constet
593 4045 723 4119 populum
745 4045 781 4101 od
803 4047 893 4103 mania
980 4049 1043 4105 987.
1072 4047 1138 4104 llaec
1154 4051 1326 4102 socrosancta
1339 4043 1496 4111 commistio,
1523 4048 1580 4101 etc.
1612 4048 1643 4103 ln
1662 4044 1770 4105 blissall

86 4128 135 4184 cna
146 4120 173 4172 tn
184 4118 323 4193 mysteriis
333 4125 464 4191 agnatus,
486 4125 569 4190 atque
579 4135 609 4173 sn
623 4118 744 4174 Ecclesia
758 4117 893 4174 celebran-
945 4122 1086 4186 Romano,
1100 4123 1129 4175 et
1141 4117 1218 4189 apud
1236 4116 1433 4199 llicrologum
1457 4132 1519 4187 cap.
1535 4115 1581 4184 23,
1609 4118 1725 4175 additur
1743 4124 1769 4175 ct

86 4193 129 4251 itt.
138 4191 289 4259 maebnime
309 4206 472 4255 consensum,
487 4196 512 4245 et
524 4189 606 4262 finita
630 4206 683 4245 esse
740 4191 779 4245 cis
805 4189 893 4245 osculo
945 4192 1117 4248 coruscantia.
1134 4188 1165 4244 ln
1180 4188 1268 4245 missa
1285 4186 1400 4260 lllyrici,
1412 4186 1440 4242 ln
1465 4189 1591 4245 secunda
1604 4190 1769 4260 precatione

85 4255 277 4318 decurratur.
295 4260 364 4319 Hinc
382 4261 537 4333 capiendus
559 4265 604 4317 est
616 4262 701 4317 l'ertu
713 4260 818 4325 lianus,
835 4260 887 4317 lib.
946 4262 1067 4336 legitur:
1084 4260 1148 4316 Fiat
1159 4259 1307 4316 commistio
1321 4265 1347 4315 et
1358 4258 1524 4317 consecratio
1534 4261 1656 4332 corporis
1665 4268 1693 4317 ct
1706 4279 1770 4317 sou·

85 4326 112 4382 de
121 4328 248 4390 Oreticum
258 4332 412 4389 subtinem
425 4349 431 4387 ε
447 4332 576 4405 Aliajam
584 4331 891 4388 consuetndcinvoluit:
945 4334 1048 4407 guinis,
1061 4332 1143 4405 Juxta
1158 4329 1187 4386 id
1197 4330 1419 4403 quodstatuitur
1433 4346 1497 4387 can.
1511 4331 1543 4387 tt
1558 4331 1670 4388 concilii
1683 4332 1769 4405 primi

83 4400 220 4469 inruentes
235 4404 336 4460 babilo
348 4404 479 4459 Oratione
492 4420 552 4459 cum
577 4401 714 4473 [ratribus
732 4403 893 4460 subtrabunt
946 4402 1114 4462 arausicani
1132 4421 1139 4456 z
1154 4402 1193 4459 Et
1215 4401 1288 4457 calin
1307 4401 1461 4473 offerendus
1481 4407 1530 4469 est,
1554 4409 1579 4461 et
1606 4401 1770 4461 admistione

83 4472 267 4547 ncdumpocis
296 4474 365 4547 quod
380 4480 419 4532 est
432 4473 602 4547 signaculum
625 4472 780 4531 Orationis.
801 4475 892 4541 Ouem
946 4475 1180 4534 anturnacensi
1203 4472 1410 4538 consecrandus,
1428 4472 1505 4544 quod
1519 4473 1554 4529 de
1575 4475 1702 4546 quadam
1724 4492 1770 4533 ex·

82 4537 163 4600 lacum
177 4546 248 4604 mire
259 4520 502 4602 illusbantrerba
510 4545 667 4625 iunocentii
677 4562 769 4619 papa.
785 4546 892 4603 Contlr·
910 4529 932 4589 ὓ
946 4547 1043 4606 teriori
1062 4544 1276 4627 consecratione
1291 4543 1579 4671 intelligendumnesut,
1603 4561 1671 4602 cum
1684 4551 1771 4604 antea

83 4618 353 4694 maturauctoritate
366 4617 459 4673 sancti
472 4616 633 4691 Augustini,
649 4632 782 4674 sermone
796 4616 841 4684 83,
858 4620 893 4674 de
946 4622 1128 4676 consecratus
1154 4615 1242 4672 luerit
1266 4631 1315 4697 per
1339 4631 1427 4697 vera
1454 4615 1568 4697 Cbrssts.
1599 4617 1693 4682 Quare
1716 4617 1772 4675 boc

84 4680 193 4742 Diuersus
207 4706 213 4743 :
229 4690 304 4745 Ecce
315 4689 363 4745 ubi
375 4695 413 4744 est
420 4696 532 4761 peracta
556 4688 748 4760 sanctificatio,
776 4688 894 4747 dicimus
946 4690 1128 4756 uocabulum,
1140 4694 1317 4753 consecratio,
1334 4702 1391 4742 non
1402 4687 1543 4767 signifieat
1562 4689 1772 4759 precedentem

83 4754 223 4816 Orationem
237 4760 419 4826 flammicam,
431 4776 513 4831 paam
524 4761 667 4833 accepistis
678 4767 704 4816 et
718 4760 889 4819 reddidistis.
947 4761 1191 4819 consecrationem
1223 4756 1771 4832 crrerbaCbristrlactam,otquidam

84 4824 232 4902 Postipsom
246 4830 420 4888 diciturPax
435 4830 591 4897 vobiscum,
624 4838 649 4887 et
682 4831 843 4889 osculantur
867 4849 894 4888 sc
949 4776 1257 4904 maleexplicant.llac
1269 4828 1432 4911 commistio
1444 4828 1571 4902 corporis
1582 4836 1610 4887 et
1623 4832 1772 4905 sanguinis

85 4895 230 4959 Obristiani
236 4904 268 4960 in
280 4902 478 4968 osculosoncto,
488 4903 557 4974 guod
568 4907 605 4958 est
616 4904 724 4975 signum
730 4903 815 4976 pacis,
839 4907 892 4961 etc.
949 4905 1070 4961 babetur
1080 4903 1168 4959 etiarn
1177 4901 1205 4957 in
1215 4901 1430 4984 liturgiasanctr
1444 4900 1553 4968 iacobi,
1569 4904 1599 4957 et
1608 4901 1637 4959 in
1651 4904 1771 4960 concilio

84 4967 111 5023 tt
121 4970 168 5030 lib.
187 4991 207 5031 11
231 4976 371 5031 adsersus
392 4973 503 5031 litteras
528 4973 675 5042 Petiliam,
699 4991 761 5047 cap.
773 4976 826 5031 23:
844 4975 896 5032 t'ns'
948 4974 1188 5039 T01.m,can.l'l
1206 4990 1213 5027 ε
1230 4972 1429 5042 consuntioncm
1439 4973 1521 5045 panis
1542 4981 1566 5029 et
1582 4973 1684 5041 calicia
1707 4979 1766 5035 etc.

82 5045 146 5108 tacu
158 5045 280 5102 osculnm
294 5052 371 5103 enter
382 5052 550 5102 sacramenta
563 5046 742 5116 copulabatis,
769 5047 801 5102 in
818 5047 895 5118 cujus
984 5047 1046 5105 988.
1058 5044 1125 5100 rect
1139 5043 1260 5100 omnibus
1270 5043 1446 5112 semermibus,
1467 5048 1522 5103 etc.
1545 5044 1636 5103 Aliter
1662 5045 1692 5104 ln
1708 5047 1774 5104 blis-

84 5113 190 5198 auaibss
207 5116 423 5200 Idneborutiam
442 5116 590 5200 ponebatis,
605 5119 653 5173 cui
673 5117 792 5173 uicissem
815 5118 896 5174 danti
949 5116 1003 5176 eali
1021 5117 1162 5174 Romano.
1193 5188 1198 5198 ι
1349 5188 1353 5199 Ι

83 5188 895 5332 brittuli}ittitttttttltistttittttt
984 5184 1775 5331 tet:lucentium,scirense,m.1,

85 5325 284 5391 Pralationem.
295 5331 465 5404 etmysticas
478 5347 584 5402 preces.
596 5335 625 5389 et
638 5332 894 5400 consecrationem,
949 5330 1054 5389 Miasali
1073 5333 1203 5388 Romano
1218 5329 1263 5386 hm
1274 5331 1338 5386 duas
1353 5329 1461 5402 priores
1481 5330 1631 5389 Orationes
1650 5335 1777 5405 praemit-

84 5400 110 5448 ti
120 5398 282 5458 clarumest
297 5408 436 5459 essancto
448 5402 690 5475 Oyrilloilierosol
712 5403 830 5470 milano,
844 5421 895 5460 ca·
950 5408 1051 5463 tuatur
1066 5400 1272 5467 communioni,
1289 5399 1357 5458 etin
1370 5402 1542 5472 quibusdam
1558 5404 1683 5463 variant.

85 5467 220 5529 temam
242 5479 318 5545 stag.
335 5472 399 5528 Εἶτα
414 5472 632 5547 doctissimum,
648 5476 676 5530 'A
709 5475 785 5538 ήλονς
799 5473 895 5529 beald-
986 5475 1048 5532 991.
1072 5474 1109 5530 m
1133 5473 1270 5545 epuaopns
1297 5473 1472 5528 communicet
1502 5474 1678 5555 presbyteros,
1715 5477 1772 5531 cto.

84 5536 140 5619 ists,
159 5491 286 5606 malene
308 5527 497 5619 ἀσααζώμεὸα.
517 5546 548 5601 ld
571 5551 614 5603 est
629 5562 637 5602 ι
653 5546 762 5603 Deinde
789 5546 896 5603 clamat
955 5542 1777 5627 560Episcopusporrigitcommunionemgustamorem

84 5608 219 5680 ducenos,
237 5614 364 5673 Invicem
396 5616 610 5689 ampetctimini,
636 5616 757 5674 inuicem
786 5619 895 5675 osculer
955 5619 1116 5690 aanuum,
1130 5621 1162 5672 ut
1174 5615 1270 5673 ridere
1281 5622 1325 5672 est
1339 5615 1416 5688 apud
1429 5614 1650 5681 Tertullianum,
1666 5617 1718 5675 tib.
1742 5616 1778 5672 da

85 5696 151 5751 mur,
165 5690 219 5742 etc.
239 5686 329 5761 568
336 5689 376 5744 Ex
397 5687 481 5744 liceto
491 5689 579 5745 osculi
590 5690 712 5762 myteria
726 5689 894 5763 subjungit:
956 5687 1175 5747 Coronamilitis
1190 5709 1196 5742 ε
1212 5686 1618 5743 Encbaristiasacromentnm.
1629 5691 1655 5742 ct
1665 5687 1697 5744 in
1716 5692 1779 5743 tem·

85 5752 172 5811 Postea
183 5759 288 5814 σλσσισσ
296 5775 368 5816 socer
401 5776 414 5814 s
427 5759 542 5817 Sursum
553 5761 648 5830 corda,
663 5764 720 5818 etc.
743 5763 899 5827 haunein
955 5759 1210 5834 mercenariis
1225 5756 1517 5815 omraibussnondatsm
1533 5758 1679 5819 aOomino
1698 5760 1781 5817 ctiam

87 5822 221 5902 dionysio,
249 5828 324 5887 libro
347 5832 383 5889 de
396 5830 694 5902 coelestillierarcbia,
714 5849 777 5910 cap.
801 5833 829 5905 3,
853 5837 900 5891 unt
958 5826 1660 5911 antelucaniscatibusmccdcaliorumnanuauam
1669 5833 1783 5915 depraeg

256 5917 380 5991 runos,
399 5919 527 6013 thltvttt
1554 5918 1588 5981 u
