4078 6200
245 159 322 221 isos
407 120 464 209 ff
699 151 899 216 areanum
920 153 970 214 io
989 122 1021 212 a.
1042 145 1216 217 amoene
1235 145 1358 209 uacui
1378 146 1509 211 erasa.
1729 210 1736 215 ,
1851 152 1911 219 ius

243 306 295 347 aaa
310 287 494 345 solemnitate
512 285 623 345 cantari
635 286 780 359 jubemus,
801 286 899 341 diebus
914 282 1070 339 Dominicis
1086 281 1111 343 Α
1125 278 1245 360 domum
1272 293 1306 350 pe
1342 282 1373 335 at
1396 279 1525 336 honeste.
1542 279 1680 336 Sacerdos
1696 296 1760 336 sero
1783 283 1913 351 celsum,

243 359 365 418 attestis
394 358 563 430 duplicibus,
590 361 620 413 at
636 373 687 428 por
716 360 807 412 tetam
834 357 971 411 Octavam
993 353 1070 409 beati
1125 351 1239 407 diaconi
1253 352 1328 406 etse
1349 350 1472 418 diaconi,
1487 356 1516 406 et
1541 350 1662 421 acolythi
1676 352 1724 423 qni
1739 351 1923 413 ministrantet'
1987 370 1988 411 i

244 430 364 488 ioannis
378 430 515 500 Baptistae
531 430 672 484 duntaxat
685 429 809 498 exceptis
826 426 949 498 equibus
971 424 1073 481 diebus
1125 425 1258 476 cantores
1272 420 1320 491 qui
1332 420 1362 475 in
1372 421 1640 487 chorodeaersiunt,
1650 422 1677 476 in
1693 422 1750 477 suis
1760 434 1915 494 permaneant
1987 416 1988 491 i

244 502 285 559 uti
298 502 327 557 in
341 500 452 557 caeteris
471 500 539 555 anni
565 499 722 565 mensibus,
739 499 776 554 ad
798 498 891 570 ipsam
913 498 1070 553 secundem
1126 488 1239 575 locisad
1253 490 1400 576 divinaeis
1416 492 1547 565 injuncta
1563 492 1657 575 cilicia
1674 497 1837 574 peragenda.
1854 498 1917 561 Quod

245 568 1072 649 Missamcelebrandamcanonicisuntsstricti.Canonicus
1128 579 1277 646 ,nusquam
1292 562 1391 619 lecerit
1405 565 1541 619 adversus
1550 580 1586 619 ea
1598 564 1918 638 aliquidreeerumqaoad

246 658 313 700 sero
329 644 472 711 sacerdos,
487 641 535 723 qui
556 640 711 697 celebrabit
730 657 781 712 pre
802 644 861 699 iem
883 654 933 720 erc
951 638 1074 705 iniustas
1126 580 1207 699 iiiam
1233 633 1409 718 llissamsai
1432 634 1549 700 floram,
1566 651 1617 717 pre
1642 636 1758 691 absente
1776 638 1918 708 penitushr·

247 713 417 786 duplicibus,
431 714 564 769 denarios
579 713 678 769 dacem
704 716 733 767 et
759 656 1026 779 oct0,eidiac0oos
1045 712 1074 764 ct
1128 702 1229 760 beatur
1256 722 1265 776 ;
1294 707 1408 759 etaim
1435 707 1640 762 consuetudine
1663 704 1724 761 haec
1748 706 1920 781 babueritper

156 850 157 855 ἵ
248 785 440 842 subdiaconus
460 783 591 839 denarios
611 799 726 851 nouem,
741 783 842 853 quibus
865 780 989 836 ultraue
1010 796 1073 851 quae
1128 775 1280 858 scriptores
1295 774 1429 831 laliacum
1442 776 1530 860 580
1545 778 1582 833 ad
1597 776 1920 835 neamumdoininicardi·

129 856 133 868 '
249 860 333 915 arant
356 854 428 910 alias
451 853 587 919 habituri,
613 853 752 924 recipiant
775 867 920 908 acumem
943 850 1074 907 Ecclesiae
1129 845 1203 927 nmis
1217 862 1269 917 pre
1296 850 1427 918 ternpore
1454 847 1541 919 ipsius
1560 847 1690 904 Ecclesiae
1716 848 1920 924 archipresbyteri
1987 862 1988 935 l

250 925 575 1000 praelibatae3aliisrere
590 921 1076 994 dicbusmedietatamreoiplantda
1129 921 1304 982 remittatur,
1338 921 1404 973 rent
1430 918 1456 973 ei
1471 918 1564 974 visum
1585 919 1680 983 luerit,
1706 920 1866 976 semenare
1887 922 1922 977 dc
1987 942 1988 971 l

250 997 404 1072 predictis,
415 998 483 1052 dum
497 995 681 1052 celebrabunt
693 995 808 1051 ibidem.
1130 987 1191 1044 bita
1199 987 1304 1069 punica
1327 1006 1369 1044 us.

286 1070 315 1124 l.
333 1069 365 1124 lu
381 1066 607 1123 dislnlnumieis
619 1066 727 1121 cultum
743 1065 854 1121 lumina
868 1064 1077 1121 deservirecor·
1166 1059 1209 1115 ie.
1228 1058 1347 1130 Utrique
1365 1059 1423 1130 juri
1444 1076 1570 1115 consens
1598 1061 1783 1118 meditatione
1799 1062 1923 1117 shtcinin

252 1134 1077 1212 porcacongruumsrbitrantcs,statuimusquodricarius
1131 1131 1206 1201 qued
1222 1129 1318 1186 clerici
1342 1131 1542 1187 Lateranensis
1558 1131 1698 1197 Ecclesia,
1727 1138 1784 1188 tam
1808 1133 1923 1197 inchoes,

252 1217 282 1268 ct
295 1210 454 1275 cumomni,
482 1208 531 1280 qui
557 1225 608 1279 pre
623 1212 752 1279 tompore
778 1206 885 1263 luerint
898 1206 1078 1279 ,provideant
1132 1200 1412 1272 quamiucapiiule,
1432 1218 1519 1273 quain
1538 1202 1568 1257 in
1597 1202 1661 1259 aliis
1687 1220 1776 1276 congr
1825 1202 1924 1259 tionibus

253 1281 302 1339 dili
323 1284 405 1337 enter
419 1296 455 1337 aa
480 1281 558 1335 eirca
580 1279 690 1336 lumina
704 1283 866 1351 opportuna
878 1276 1078 1333 Lateraneasis
1132 1276 1216 1336 stara
1230 1273 1336 1336 sedere,
1355 1274 1529 1343 respendere
1550 1274 1673 1329 debeant
1699 1290 1783 1331 secun
1805 1292 1846 1329 um
1866 1276 1925 1330 ordi·

253 1298 379 1409 Eecicsia
402 1351 545 1407 deiectum
573 1349 611 1405 ali
633 1365 698 1406 uam
728 1348 863 1421 patiatur.
892 1347 1079 1404 hiansionarii
1133 1359 1200 1425 nem
1225 1342 1312 1424 debiti
1328 1342 1484 1425 prioratus,
1519 1344 1613 1415 prime
1641 1345 1806 1417 presbytcri,
1828 1346 1924 1402 aseneth

254 1438 367 1495 quoque
382 1422 445 1477 aliis
469 1420 547 1477 heris
562 1424 591 1477 at
608 1368 693 1476 lilaea
707 1436 850 1491 campana
862 1435 989 1490 congrua
1008 1419 1079 1474 bora
1134 1416 1257 1479 diaconi,
1270 1417 1354 1473 testie
1366 1415 1543 1483 subdiaconi,
1559 1418 1595 1470 ad
1608 1416 1780 1487 dignitatem
1791 1416 1925 1487 etpiiosita·

254 1495 410 1566 pulsent,et
425 1491 574 1563 lampades
585 1491 838 1557 accendantouod
852 1490 875 1545 si
890 1506 947 1545 nen
960 1490 1080 1546 iecerint
1133 1490 1204 1551 tem,
1220 1489 1249 1540 et
1260 1500 1318 1540 non
1340 1487 1377 1540 ad
1393 1486 1551 1556 potentiam
1566 1488 1609 1542 rei
1623 1488 1661 1542 ad
1676 1487 1850 1545 nobilitatam
1861 1486 1925 1542 alies

256 1582 308 1636 pro
320 1563 447 1635 qualibet
460 1563 531 1617 hera
545 1563 589 1617 vel
605 1562 665 1618 sice
679 1561 708 1617 iu
723 1561 848 1617 denariis
862 1561 1012 1616 duodecim
1029 1577 1078 1632 pu·
1131 1555 1180 1682 {us
1198 1555 1396 1637 praerogativae
1408 1556 1539 1613 habende
1553 1564 1726 1628 respectum.
1735 1558 1926 1614 tnProoessioni

250 1635 383 1695 utamur.
399 1632 568 1690 Donacsere
599 1631 977 1703 robiissapulsehitur,snte
991 1631 1121 1696 flncmss
1153 1642 1264 1683 uasere
1279 1632 1367 1683 etiam
1392 1629 1549 1684 secundnm
1573 1629 1706 1686 ordinem
1733 1629 1885 1700 pradictum
1904 1629 1924 1684 ia

256 1702 426 1778 pulsationis
437 1649 602 1774 hujusmoii
617 1704 760 1768 sacerdes,
773 1702 910 1759 diaconus
924 1707 953 1758 et
966 1703 1082 1758 subdia·
1135 1696 1336 1754 honorabilem
1351 1697 1444 1754 lecum
1460 1699 1603 1756 incedent.

199 1810 203 1819 ›
256 1793 356 1840 conus,
393 1775 423 1829 ui
446 1791 496 1846 per
518 1773 731 1830 hebdomadam
756 1773 924 1830 celebraturi
938 1777 1005 1829 sunt
1018 1774 1082 1829 llis·
1170 1770 1215 1825 tl.
1230 1769 1320 1825 Nemo
1335 1773 1378 1826 est
1412 1769 1440 1824 ui
1456 1770 1564 1826 nesciat
1584 1786 1673 1840 qnam
1686 1770 1817 1827 refectior
1826 1770 1858 1825 sit
1868 1769 1926 1825 cibus

256 1862 330 1915 sam,
346 1792 434 1917 539
455 1860 489 1927 ⁸⁰.
497 1850 600 1926 parcnt
612 1849 641 1901 st
656 1845 779 1900 induant
790 1860 855 1900 cum
871 1844 1019 1916 acolythis,
1033 1844 1081 1928 qul
1136 1839 1242 1922 anime
1256 1840 1373 1896 verbum
1388 1786 1448 1897 gei.
1463 1841 1649 1924 'illud-utique
1668 1858 1769 1897 semen
1782 1845 1823 1898 est
1843 1842 1926 1896 radim·

258 1918 366 1975 eisdam
380 1919 552 1972 deserviant.
568 1918 597 1971 Si
612 1930 680 1971 raro
692 1916 811 1986 quisque
826 1930 924 1972 eoram
940 1916 1027 1971 luant
1041 1919 1082 1970 ita
1137 1911 1202 1969 liter
1224 1910 1396 1976 coalemans,
1430 1912 1599 1969 mimblida?
1627 1928 1801 1977 florescens,
1825 1911 1927 1968 ffflwssdt

258 1990 368 2051 tardus,
395 1993 425 2042 ut
458 1987 520 2059 ejus
543 1986 717 2057 exspectatio
744 1987 830 2042 fucrit
868 1987 1082 2058 aspectantibus
1137 1981 1321 2050 fructificans,
1339 1987 1369 2038 et
1383 1982 1547 2039 interiorem
1563 1982 1713 2040 hominem
1728 1983 1853 2040 refectiva
1863 1981 1928 2037 inler-

259 2075 392 2123 onerosa,
407 2057 506 2114 iecerit
520 2062 618 2112 tamea
632 2062 784 2129 postquam
796 2057 907 2113 venerit
919 2057 990 2112 illud
1005 2059 1082 2129 qnod
1137 2053 1266 2111 motione
1279 2055 1454 2115 omnesaue.
1471 2054 1504 2109 Et
1528 2059 1679 2126 prepterea
1703 2055 1796 2127 majus
1809 2057 1927 2126 mosaha

259 2130 349 2202 ipsius
373 2129 443 2184 ordo
459 2128 588 2205 requirit,
607 2128 743 2201 puuiatur
768 2129 797 2185 in
822 2128 910 2199 dupio
930 2129 992 2200 ejus
1006 2129 1082 2199 quod
1137 2124 1254 2189 habent,
1268 2124 1315 2194 qui
1330 2123 1561 2195 praedicationem
1575 2125 1652 2181 serbi
1667 2126 1930 2204 Dcisatagontimpe

195 2204 200 2213 '
260 2218 312 2272 pre
326 2199 473 2256 illahiisse
488 2198 630 2269 adipsum
646 2202 847 2270 perventurum
863 2199 1084 2255 esdistributie·
1137 2196 1210 2259 dira,
1230 2195 1298 2265 onia
1326 2210 1378 2254 uec
1406 2195 1459 2266 ipsi
1484 2195 1793 2280 tructumparcipiunt,
1820 2212 1866 2252 nac
1877 2194 1929 2250 aiios

260 2272 344 2328 nibus
358 2269 468 2327 fuisset.
485 2270 566 2334 eoae
582 2268 605 2324 sl
620 2270 699 2325 nullo
720 2270 807 2326 modo
825 2268 1010 2326 celebraverit
1033 2286 1082 2326 sau
1137 2267 1308 2337 permittunt
1323 2266 1475 2348 percipere,
1489 2269 1557 2323 dum
1568 2266 1929 2350 ipseruminsolentiaimpa·

259 2340 475 2407 ministraverit,
489 2340 512 2396 si
527 2340 691 2407 monicus,
705 2340 735 2399 iu
758 2340 856 2396 solidis
879 2341 1004 2413 quinque
1018 2358 1025 2408 ;
1037 2343 1083 2397 ba·
1138 2337 1221 2397 dunt
1236 2338 1440 2463 predicantes.
1469 2337 1602 2409 Quisquis
1627 2339 1716 2410 igitur
1730 2338 1928 2411 pradicationem

260 2412 411 2469 aeficiatus
429 2428 496 2469 rere
522 2411 552 2467 in
571 2410 695 2467 denariis
717 2412 835 2482 triginta
853 2429 860 2478 ;
888 2412 1037 2485 acolythus
1053 2413 1083 2468 in
1137 2407 1216 2464 serbi
1260 2424 1297 2473 ai,
1312 2407 1437 2479 siquam
1453 2425 1503 2480 pro
1518 2414 1647 2481 tempore
1669 2410 1700 2465 in
1716 2408 1884 2466 helmanensi
1895 2406 1929 2462 lic

280 2482 422 2540 uindecim
449 2482 662 2538 irremissibiles
683 2482 827 2553 puniatur,
844 2482 1021 2554 applicandis
1034 2483 1085 2540 illa
1138 2479 1225 2537 clusio
1239 2479 1301 2535 heri
1313 2479 1475 2550 contigerit,
1489 2496 1539 2551 per
1553 2498 1584 2537 ae
1599 2480 1644 2538 sel
1658 2498 1711 2552 per
1725 2482 1812 2537 atium
1823 2477 1929 2550 impedit⁴

259 2503 306 2611 ile
316 2552 526 2611 celebrantibus
540 2558 568 2608 cl
582 2553 812 2609 ministrantibus
830 2569 879 2625 pro
893 2554 1012 2610 eisdem.
1138 2550 1177 2606 rit
1191 2566 1303 2621 quoqne
1319 2551 1415 2615 medo,
1429 2550 1489 2607 sico
1508 2551 1636 2622 qualibet
1652 2569 1769 2624 poenesn
1783 2552 1871 2607 decem
1884 2547 1928 2628 soli

293 2628 321 2680 a.
348 2627 417 2681 Cum
435 2624 515 2681 iestis
538 2624 697 2695 duplicibus
723 2624 888 2689 canonicus,
918 2624 945 2679 in
971 2627 1085 2681 Latara·
1139 2622 1242 2679 derum
1266 2620 1403 2679 incurrat.
1425 2622 1537 2678 Possint
1562 2627 1660 2680 teman
1683 2631 1713 2681 et
1732 2624 1842 2680 valeant
1861 2620 1929 2676 clerici

259 2694 341 2752 nansi
357 2695 730 2752 &desiaoelabraturussst
741 2695 934 2763 hilssam,tam
950 2697 1085 2767 inprimis
1139 2691 1467 2756 dromacctesiaeonac
1483 2694 1645 2763 praedicatio
1660 2694 1739 2750 intra
1756 2694 1889 2750 blissarosi
1899 2705 1930 2744 se

259 2784 344 2838 qnam
362 2766 390 2822 in
406 2765 538 2822 secandis
552 2764 758 2837 Vespaiis,dno
773 2783 780 2831 ;
796 2768 819 2821 si
830 2767 1009 2823 rarefactum
1026 2767 1085 2823 tua·
1139 2762 1249 2823 lamnis
1264 2762 1325 2826 liat.
1339 2764 1374 2821 de
1389 2763 1476 2821 chere
1488 2765 1633 2834 recedere,
1647 2764 1928 2838 presbyterediaoone

259 2838 298 2893 rit
325 2837 448 2893 multum
464 2837 602 2902 solamne,
622 2840 746 2909 quatuor
770 2835 928 2893 beneficiati
943 2854 1009 2893 oiim
1024 2838 1085 2908 ipso
1140 2841 1167 2891 et
1183 2833 1357 2891 subdiacone
1373 2835 1601 2893 ministrantibus
1625 2852 1739 2892 recessu
1753 2834 1928 2908 panitusiuter·

259 2908 430 2978 pluvialibus
444 2908 502 2962 sint
513 2904 614 2961 induti.
631 2908 684 2972 Oui
698 2911 800 2962 contra
812 2908 920 2973 lecerit,
932 2909 1086 2964 canonieus
1141 2904 1227 2971 dicte,
1251 2906 1289 2963 aa
1314 2903 1397 2963 illum
1423 2912 1491 2962 aule
1506 2907 1717 2976 predicationis
1732 2908 1827 2973 tieem,
1840 2904 1875 2959 rel
1891 2908 1929 2957 sta·

258 2984 317 3058 tres
331 2977 448 3043 solides,
474 2978 658 3059 beneticiatus
670 2993 738 3031 scre
751 2979 822 3060 duos
836 2994 887 3061 pro
901 2978 958 3034 vice
972 2981 1082 3049 perdat,
1104 2992 1127 3052 ρ
1141 2976 1193 3033 uni
1208 2980 1281 3057 post.
1298 2976 1428 3058 omnine,
1444 2977 1640 3060 resarsurirna
1655 2978 1784 3049 ipsorum
1792 2972 1929 3061 esspedstio

259 3048 1086 3198 tititiitlltittii,intitulasti,ttulit
1140 3046 1929 3183 iititlthliittihttihttisuit'tilili

199 3239 203 3245 ,
260 3189 362 3260 quibus
377 3184 526 3242 camerarii
539 3188 575 3243 de
589 3188 858 3245 contraiecieetium
868 3190 1026 3255 ¹fructibus,
1041 3190 1085 3247 sel
1140 3188 1315 3256 abstineant,
1328 3191 1381 3245 aab
1397 3204 1482 3259 poena
1492 3190 1561 3262 ipsis
1577 3191 1777 3248 interdicimus
1792 3190 1928 3245 mensariis.

261 3258 348 3331 ipsius
363 3258 490 3331 capituli,
506 3258 529 3313 si
551 3259 678 3331 ipsorum
702 3258 811 3316 tructus
827 3260 933 3317 fuerim
947 3262 1031 3319 aliter
1049 3262 1087 3317 ad
1176 3260 1219 3317 ie.
1235 3260 1497 3327 Namocauonicua,
1512 3262 1708 3327 banafimatus,
1729 3262 1771 3318 rel
1790 3258 1929 3331 capellanos.

259 3328 417 3457 cogitatuum
433 3329 569 3454 ‘ivisti'
583 3330 749 3457 'niisiiim'
763 3335 924 3456 teneaptur.
1012 3403 1018 3417 .
1139 3331 1184 3387 sel
1199 3330 1283 3414 alius,
1310 3330 1377 3456 oriniat
1395 3330 1510 3459 lliceritils
1523 3333 1639 3403 speciali
1654 3333 1816 3417 cadinalis,
1830 3330 1870 3454 aa}
1887 3327 1930 3407 siut

260 3440 336 3554 queit
352 3415 475 3527 duinmaii
489 3409 1086 3556 iiisopilrglaetuls,useiziiissimui’cssriibffli:
1140 3407 1474 3556 iginiiiliicerii‘miluiiiiai
1494 3405 1857 3555 ;uiitmtilii'iniiiueti·casloi⁸cliaiili
1866 3413 1930 3541 iiiiitit

260 3559 290 3601 sn
306 3543 370 3614 ipsa
385 3489 508 3624 hectaria
522 3558 551 3597 in
578 3543 789 3615 pontificalibus
812 3545 975 3610 celebrabit,
992 3545 1087 3601 nullus
1139 3544 1325 3619 retrusorum
1337 3542 1454 3601 arbitrie
1467 3549 1611 3615 punietur.

193 3620 197 3629 “
260 3614 395 3669 sacerdos
420 3611 738 3694 inleudamcumnota
756 3615 902 3671 celebrare
921 3620 1083 3688 presumat.
1177 3613 1221 3672 tu,
1248 3614 1286 3673 Ut
1312 3612 1424 3671 divinus
1449 3614 1542 3673 cultus
1577 3616 1703 3699 raecipue
1722 3612 1839 3689 gaudeat
1857 3604 1929 3666 luti

259 3685 431 3755 puniendus,
446 3700 470 3738 si
492 3685 705 3751 contrafecerit,
730 3685 848 3741 arbitrio
863 3686 973 3742 domini
988 3682 1086 3743 vicarii
1140 3682 1311 3755 honestetis,
1323 3687 1545 3757 statuimusque
1573 3677 1929 3745 duminLataranensieocle

261 3754 371 3811 domiui
385 3754 549 3837 cardinalis.
608 3825 613 3836 Ι
1141 3756 1184 3812 sia
1198 3755 1296 3813 diuina
1311 3754 1408 3813 officia
1422 3754 1621 3823 decantantur,
1636 3758 1734 3816 nullus
1755 3746 1928 3815 canonicusssl

276 3827 321 3908 ‚⁷·
335 3827 496 3881 statuimus
509 3829 538 3881 at
553 3826 721 3881 ordinemus
748 3827 805 3882 uod
815 3827 844 3883 ia
853 3827 954 3884 eadem
965 3828 1087 3885 Ecclesia
1140 3826 1325 3883 beneficiatus
1343 3826 1448 3885 iubare
1464 3827 1557 3900 ipsam
1570 3830 1732 3897 ecclesiam,
1748 3829 1789 3885 rel
1802 3828 1828 3882 in
1841 3841 1869 3881 es
1880 3834 1929 3893 pra

260 3900 318 3952 sant
339 3900 476 3980 perpetuo
496 3844 775 3980 'quatuoracolyiiii
792 3898 914 3968 quitum
942 3899 1087 3955 canonicis
1141 3902 1238 3955 sumat
1266 3897 1397 3955 incedere
1427 3899 1489 3955 sino
1508 3898 1606 3957 babitu
1640 3900 1775 3957 ordinato
1794 3916 1800 3954 τ
1820 3888 1929 3953 mahala

260 3983 346 4038 quam
387 3967 560 4023 banehciahs
586 3968 629 4024 sal
658 3968 722 4024 aliis
750 3968 989 4037 ministrantibus,
1018 3971 1087 4026 dum
1141 3968 1247 4025 cientes
1260 3969 1538 4026 excommunationis
1561 3987 1678 4042 poennm
1692 3976 1722 4027 ct
1743 3966 1842 4028 solides
1858 3964 1929 4020 ean

259 4038 408 4101 illosarum
436 4038 577 4094 solemnia
603 4038 757 4105 celebrant,
784 4039 813 4094 in
838 4040 908 4112 ipsis
931 4041 1089 4107 clitellam
1141 4040 1268 4112 qualibet
1283 4040 1343 4097 sice
1367 4038 1536 4099 incurrenti
1558 4058 1590 4099 se
1607 4040 1693 4099 lacte.
1716 4044 1739 4101 ii
1763 4034 1929 4097 'nandium

262 4109 326 4164 aliis
340 4109 568 4180 praeparantibus
583 4110 811 4176 submmistrant‚
828 4115 912 4183 prout
926 4116 970 4168 est
986 4113 1088 4168 hacte-
1141 4110 1400 4181 excommunicato,
1426 4111 1516 4168 denec
1540 4058 1626 4171 inerit
1651 4112 1752 4171 absolu
1785 4129 1798 4166 s
1820 4124 1864 4183 per
1877 4104 1930 4160 siu·

261 4185 496 4260 auscensuetum.
1141 4182 1217 4238 rium
1232 4181 1385 4238 cardinalis
1406 4186 1531 4247 tantum,
1557 4184 1709 4241 camerarii
1734 4183 1769 4240 de
1785 4176 1930 4239 tricenae

296 4252 322 4305 8.
338 4250 641 4321 Sacristaarpreprie
653 4251 1087 4323 juramenteteuaturomnidia
1142 4252 1362 4310 obscnsiouibus
1388 4252 1451 4309 aliis
1484 4253 1554 4311 nihil
1588 4252 1877 4315 debeantmieistrars
1895 4246 1930 4324 :li

262 4320 845 4401 Sabbatillaccrctabulamdecanoniolset
856 4324 1087 4396 beneficiatisqul
1103 4349 1126 4407 D
1142 4324 1163 4379 si
1177 4340 1258 4381 secus
1271 4321 1400 4394 iecerint,
1418 4325 1453 4380 dc
1467 4324 1595 4396 ipsorum
1609 4324 1833 4383 camerariorum
1844 4330 1930 4393 pratili

262 4392 368 4473 debent
382 4408 411 4447 in
427 4391 525 4449 intusa
540 4391 722 4474 hebdomada
732 4394 885 4462 celebrare,
898 4398 927 4452 at
940 4396 974 4451 de
988 4400 1085 4451 canto
1141 4392 1333 4455 tamtumdem
1349 4412 1471 4453 camerae
1496 4396 1646 4455 restituere
1661 4400 1819 4455 teneantur.
1844 4385 1930 4464 emolit

261 4464 340 4543 ribus
356 4479 385 4517 in
400 4460 488 4519 cbero
510 4479 560 4533 per
574 4463 745 4529 circuitum;
763 4469 791 4521 et
805 4462 841 4523 de
856 4466 900 4521 his
914 4466 963 4537 qai
983 4467 1088 4523 debent
1141 4470 1240 4522 tammi
1264 4469 1396 4536 nequeat,
1413 4467 1468 4523 nisi
1481 4465 1707 4537 primocamerae
1720 4466 1830 4525 realiter
1843 4457 1931 4519 alsait

262 4533 403 4614 pluviales
432 4538 539 4601 tenera,
554 4539 582 4589 ot
597 4534 729 4591 omnibus
744 4534 808 4593 aliis
822 4537 870 4607 qui
896 4537 1040 4595 debebunt
1057 4537 1085 4594 in
1142 4536 1420 4607 dictampoenam.ct
1434 4537 1571 4609 quidquid
1582 4533 1929 4607 excommunicationistsu·

263 4600 1087 4748 attolitbilitiiiflttitiitiiitituli
1143 4624 1212 4734 ‘'⁰li
1229 4604 1929 4752 tliltiititittittrititlltilithi:

405 4714 412 4739 1
1215 4718 1222 4732 a

264 4744 401 4799 incursui·
1142 4749 1244 4815 bitere,
1257 4749 1351 4820 ipsum
1363 4750 1497 4820 prasenti
1511 4751 1716 4809 constitutione
1730 4748 1852 4808 duximus
1865 4736 1929 4821 sipri-

298 4815 325 4869 9.
337 4810 370 4871 le
386 4813 473 4871 choro
487 4816 595 4898 servari
605 4814 741 4888 jubemus
769 4818 887 4877 modum
912 4824 942 4877 ct
956 4820 1087 4877 ordinem
1143 4821 1293 4885 mendum,
1308 4820 1441 4879 uidelicet
1454 4822 1529 4893 qued
1551 4820 1587 4878 ab
1602 4822 1673 4881 bera
1701 4822 1740 4878 illi
1756 4820 1816 4877 lasti
1830 4823 1928 4872 omnium

264 4886 494 4968 subsequentem,
506 4886 641 4968 ‚videlicet
654 4891 730 4959 qued
746 4890 782 4945 ab
794 4906 852 4946 una
866 4897 945 4962 parte
954 4892 1035 4948 chori
1051 4892 1088 4948 sit
1143 4891 1315 4948 Sanctorum
1342 4890 1458 4962 quande
1470 4892 1610 4964 incipiunt
1623 4892 1750 4965 Vespera
1776 4907 1822 4963 pre
1835 4895 1928 4965 comat

265 4958 623 5023 medietascauonicerum,
634 4959 880 5025 beneficiatorum,
889 4962 1088 5034 acolythorum
1143 4961 1303 5018 moratione
1315 4932 1444 5019 iidelium
1457 4962 1669 5029 detunctorum,
1684 4980 1770 5036 usque
1784 4962 1819 5017 ad
1831 4954 1930 5028 sigihart

265 5031 294 5081 ei
308 5027 532 5110 capellanorum,
547 5028 595 5101 qui
609 5028 696 5085 chero
710 5034 814 5087 servire
830 5034 1089 5099 tenentar;abalia
1143 5030 1367 5089 Resurrectioeis
1395 5033 1555 5100 dominice,
1582 5034 1701 5108 quilibet
1727 5034 1868 5091 canonicus
1889 5020 1927 5078 siti

266 5112 332 5181 rere
345 5098 457 5170 reliqua
472 5100 645 5182 ,ipsumque
657 5102 775 5182 chorum
791 5102 881 5159 intret
892 5104 1011 5174 quilibet
1022 5108 1089 5161 ante
1143 5103 1261 5161 indutus
1273 5121 1338 5159 cum
1351 5105 1465 5177 sajetta,
1493 5122 1541 5162 seu
1553 5104 1708 5175 rocchetta,
1734 5120 1819 5176 cappa
1833 5098 1897 5167 nigri
1909 5094 1928 5144 ⁸¹

265 5168 377 5225 linitam
391 5169 582 5253 pulsationem
598 5172 634 5227 ad
645 5172 771 5239 Missam,
790 5174 833 5229 sel
847 5176 963 5241 ilerum,
980 5175 1023 5231 vel
1034 5175 1090 5233 sai·
1144 5175 1268 5230 minucia
1281 5175 1315 5231 de
1327 5175 1426 5248 griseis
1441 5193 1490 5233 seu
1504 5177 1636 5235 deserite
1653 5194 1660 5245 ;
1673 5172 1822 5233 beneficiati
1836 5181 1889 5225 iere
1908 5162 1928 5213 ti

264 5244 323 5322 teni
344 5247 501 5320 ‚outhiiem
530 5259 640 5313 primus
670 5242 752 5298 heroa
778 5243 1088 5313 Psalmus‚relMissia
1143 5245 1294 5317 capellani,
1308 5246 1356 5319 qui
1371 5247 1616 5304 serviraienentnr
1629 5247 1656 5303 ie
1677 5248 1770 5312 abere,
1787 5233 1927 5304 indurato

264 5314 398 5368 introitus
421 5312 608 5384 compleatur.
627 5312 734 5384 Ubique
756 5315 879 5371 resideat
894 5318 1005 5383 devote,
1027 5317 1089 5377 sinu
1145 5317 1240 5372 ferant
1254 5333 1356 5441 cappas
1373 5317 1470 5401 nigras
1493 5335 1558 5375 cum
1579 5318 1779 5392 superpelliceo
1796 5331 1840 5370 scu
1862 5310 1925 5384 cells,

264 5382 496 5439 contabulatione
511 5382 616 5466 alique,
638 5385 866 5465 murmuratione
881 5384 924 5443 rel
950 5404 1087 5455 rumora,
1146 5386 1231 5515 521
1248 5392 1275 5444 et
1292 5404 1308 5443 a
1323 5404 1431 5445 mucias
1442 5390 1476 5446 dc
1491 5390 1611 5462 squallis
1624 5390 1721 5464 nigris.
1732 5388 1785 5445 Sed
1797 5384 1926 5443 simenem

265 5452 300 5508 de
315 5469 373 5508 una
383 5459 467 5577 ¹parta
482 5452 561 5510 chori
577 5470 633 5509 non
649 5454 808 5538 discurratj
825 5473 875 5513 nec
889 5459 925 5513 ab
940 5458 1088 5517 indeseca-
1143 5467 1171 5516 et
1205 5459 1346 5516 enetioiati
1360 5459 1486 5532 predicti
1498 5458 1696 5518 maluerintca
1716 5456 1925 5528 unianigrapasu

223 5578 227 5585 ,
266 5522 381 5577 dareve
404 5526 858 5595 exireproesumutantesiniium
878 5528 1016 5597 officium,
1033 5530 1088 5586 nisi
1144 5530 1206 5587 sine
1235 5529 1357 5599 becchis,
1373 5548 1422 5588 seu
1449 5531 1588 5591 almucias
1602 5479 1739 5589 natanias
1765 5526 1832 5600 nigri
1846 5518 1924 5581 colent

266 5592 413 5661 negotium
428 5594 559 5651 Ecclesia
579 5595 623 5649 sel
638 5595 765 5665 corporis
779 5597 933 5653 necessitas
955 5595 1089 5656 immine·
1141 5600 1241 5655 subtus
1254 5614 1359 5677 cappos
1371 5599 1770 5676 portusslaasttnslmoeis,
1782 5582 1923 5657 bassim

267 5660 320 5734 rai,
336 5660 365 5715 as
386 5660 455 5719 tans
481 5662 518 5721 so
543 5656 731 5737 capitularem
756 5662 852 5724 tesam
866 5658 910 5724 ssi
924 5661 1088 5741 mittentis
1141 5662 1279 5731 admeti
