4078 6200
150 259 226 331 tere
391 302 393 309 ,
597 260 645 327 to
664 262 834 363 moestos
854 218 998 328 onninis
1018 264 1160 328 nounni
1182 268 1378 332 iresnoui.
1781 271 1860 336 siri

149 376 314 476 martyrarii
324 392 515 478 choroaptari
531 401 660 467 possunt,
671 396 720 481 qui
735 401 765 453 at
779 397 978 459 ministrantes
993 401 1018 461 Α
1033 397 1112 456 locos
1124 400 1217 456 lectus
1241 406 1294 458 est.
1322 404 1356 458 Et
1368 400 1402 459 de
1418 402 1472 459 isto
1503 400 1662 528 periculoso
1684 402 1746 459 loco
1760 410 1788 462 et
1798 407 1869 464 alto'

149 470 217 525 sunt
229 481 259 521 iii
271 469 371 525 sancto
396 464 547 535 altar13at
571 467 741 531 dalmaticas
767 472 894 540 portant,
907 486 979 540 quse
1034 470 1195 540 periculosa
1207 473 1281 529 ratio
1300 474 1439 539 redditur,
1457 473 1500 528 nis
1524 489 1558 529 ao
1573 475 1659 533 sorde
1674 479 1784 531 eternus
1801 477 1856 539 hic,

151 537 262 592 solebat
271 535 405 592 militaris
415 553 483 592 osus
499 540 623 611 portare.
633 539 687 610 {psi
704 540 817 595 diaconi
829 550 977 610 proecesso-
1034 545 1065 595 ut
1080 542 1241 600 bumilitate
1255 545 1433 617 subpedibus
1448 545 1549 601 restris
1565 545 1664 617 simus,
1676 551 1704 601 et
1719 564 1770 618 pro
1782 549 1860 604 vobis

152 606 386 674 subterstrata,
403 608 515 679 quirin
532 611 619 666 veteri
648 614 823 667 testamento
837 618 979 683 martyres
1034 628 1158 668 oremus.

151 678 322 736 exstiterunt
333 696 340 745 ;
352 683 382 736 et
393 679 480 737 inodo
490 685 566 737 retro
587 685 675 745 stant,
686 681 752 753 qiiia
766 687 831 753 post
840 684 978 739 Nativita·
1070 683 1114 738 lt.
1128 684 1282 757 tipiacopus
1295 686 1372 742 enlin
1397 685 1528 741 minister
1555 685 1609 741 luit
1628 687 1675 758 qui
1694 686 1765 749 dixit
1776 706 1782 755 i
1795 690 1858 745 Non

152 756 212 832 tersi
225 750 338 831 [lamini
348 750 536 832 nihilomiuus
546 752 685 824 martyrio
695 752 780 824 digne
794 759 977 813 coronantur.
1032 755 1098 812 veni
1113 754 1282 826 ministrari,
1297 758 1346 812 ssd
1359 757 1532 819 ministrare:
1543 759 1669 814 loannes
1681 775 1785 843 nempe
1796 762 1860 816 sub·

151 820 245 892 ntiqui
261 837 295 877 er
308 837 376 902 ipsis
388 825 467 879 stent
481 824 518 891 sd
540 823 697 891 dexteram,
711 829 739 880 et
753 823 842 895 aliqui
857 826 894 880 ad
908 824 976 882 eiiii·
1033 825 1175 891 minister,
1189 827 1237 898 qui
1265 827 1336 883 dixit
1351 845 1358 883 :
1375 828 1424 884 itio
1434 833 1498 884 eret
1520 845 1604 899 quem
1621 828 1690 897 dixi,
1713 846 1780 901 quia
1795 837 1858 903 post

153 898 336 974 stramonia
361 893 445 949 multi
461 893 496 951 de
521 895 746 965 contemplativa
759 895 819 951 vita
838 896 978 969 martyrio
1033 913 1081 952 me
1099 898 1177 954 venit
1189 898 1241 964 vir,
1255 898 1302 971 qui
1315 900 1382 959 ante
1395 916 1441 955 me
1456 898 1607 955 iaetusest.
1623 899 1675 964 tlai
1692 917 1749 957 nen
1763 919 1859 959 ascen·

152 966 283 1021 coronati
295 966 372 1027 sunt,
398 967 427 1020 et
440 964 524 1023 inulti
547 967 583 1022 de
598 966 691 1023 aotiva
714 966 774 1023 vita
788 966 826 1025 nd
840 984 978 1024 coronam
1033 967 1076 1023 dit
1090 970 1127 1024 ad
1139 970 1316 1041 superiorein
1333 971 1466 1041 gradum,
1479 986 1566 1042 quem
1581 971 1658 1026 solus
1673 973 1745 1028 solat
1760 989 1857 1029 ascon-

152 1034 284 1107 martyrii
303 1036 471 1105 procedunt,
496 1039 550 1094 etc.
1033 1040 1100 1096 dere
1128 1040 1175 1112 qui
1203 1040 1389 1113 Euangelium
1420 1042 1544 1097 lecturus
1570 1046 1859 1107 est,utosteudatse

188 1107 233 1163 tt.
246 1104 379 1163 Cendelin
394 1106 699 1177 Primoilluininentur
723 1111 803 1165 eitra
816 1110 977 1177 ecelesiam,
1033 1111 1252 1167 subministrum
1273 1128 1345 1177 esse,
1374 1113 1442 1197 quia
1463 1129 1521 1168 non
1547 1117 1591 1168 est
1617 1114 1743 1171 loannes
1757 1114 1859 1185 dignus

151 1180 182 1237 et
210 1193 242 1233 er
255 1176 402 1247 acolythos
416 1181 567 1249 portentur
581 1178 611 1235 in
625 1178 786 1236 ecclesiam.
802 1179 897 1237 Primo
912 1198 978 1237 can·
1032 1182 1142 1238 solvere
1157 1182 1308 1254 corripiam
1321 1184 1578 1240 calciamentorum
1597 1184 1668 1256 ejus,
1681 1186 1858 1258 cujusverba

152 1194 400 1320 deiaeprooedunt,
410 1252 599 1320 alpostquam
609 1254 724 1307 ventum
735 1248 977 1323 tueritsdaltare,
1033 1252 1063 1308 in
1079 1270 1112 1315 aa
1125 1252 1270 1325 leguntur.

151 1320 372 1390 postponuntur.
400 1320 559 1391 Utrumque
587 1322 787 1378 demonstrant
805 1328 833 1379 et
848 1324 979 1381 doctores
1069 1327 1176 1381 Cantor
1187 1342 1253 1383 vero
1269 1325 1422 1382 ascendere
1434 1325 1743 1398 potestinditierenter.
1754 1330 1860 1385 Ascen-

153 1389 290 1456 eoolesiae,
301 1389 390 1471 idest
403 1390 624 1460 illuminatores,
639 1392 780 1451 exstitisse
793 1400 861 1454 aute
876 1394 979 1450 nativi·
1033 1395 1075 1451 dit
1089 1396 1227 1467 superius.
1243 1396 1310 1467 quia
1320 1395 1448 1453 Christus
1464 1397 1600 1469 praelatos
1610 1402 1654 1453 est
1664 1398 1778 1454 ioanni.
1795 1398 1859 1454 Stat

153 1465 245 1519 tatem
256 1462 381 1529 Domini,
392 1465 421 1517 et
435 1466 545 1533 postea.
558 1464 693 1535 Aoolytbi
707 1480 832 1540 namque
846 1482 979 1529 accenso·
1033 1465 1063 1521 in
1077 1469 1190 1531 eodem,
1206 1467 1274 1537 quia
1296 1467 1458 1522 estimatur
1482 1469 1617 1524 ioannes.
1645 1470 1707 1524 Stat
1726 1468 1857 1533 interius,

153 1548 199 1593 roe
210 1531 352 1591 luminum
362 1532 504 1591 dicuntur.
514 1534 670 1595 Portantur
679 1537 821 1603 manibus,
831 1537 979 1609 qiiiaquos
1033 1537 1102 1607 quia
1112 1536 1235 1593 venitab
1247 1553 1281 1593 eo
1296 1537 1443 1607 baptisari.
1457 1540 1521 1593 Non
1535 1538 1798 1610 necanditsupsriue
1810 1541 1857 1610 qui

153 1602 275 1663 scientis
295 1604 406 1675 reptent
417 1605 501 1663 boris
527 1606 666 1676 exemptis
689 1607 799 1680 eripere
815 1609 979 1667 nullatanus
1035 1607 1262 1679 itespnosorium
1273 1612 1380 1671 cantat,
1395 1625 1483 1679 quam
1496 1608 1543 1681 qui
1554 1608 1794 1681 tentionemtegit,
1809 1611 1859 1665 sed

154 1674 979 1751 cessaredebentlinidemcandelieusqueadKpriaetes'·
1033 1680 1133 1734 statin
1149 1681 1246 1734 eodem
1262 1679 1324 1733 loos
1338 1678 1569 1749 ;etsiascondit
1602 1680 1857 1751 superiunsooun-

154 1746 551 1817 eooacolytliorummsnibus
561 1752 703 1813 tenentur.
720 1755 749 1805 et
763 1755 980 1827 tuucpoountur
994 1757 1019 1816 Β
1034 1751 1103 1805 duni
1119 1749 1249 1821 euporius
1262 1748 1353 1805 dictos
1372 1750 1474 1805 modos
1507 1748 1684 1821 intelligitur.
1701 1754 1857 1822 Responso·

155 1818 185 1877 in
200 1818 409 1888 pavimentum,
424 1821 451 1873 et
466 1821 546 1874 stant
560 1818 616 1875 siro
626 1821 728 1890 gradu.
746 1823 790 1879 Sic
804 1826 916 1895 oportet
931 1821 980 1876 do·
1034 1820 1109 1877 riom
1125 1820 1189 1876 ideo
1204 1820 1316 1887 dicitur,
1332 1822 1456 1891 eoquod
1471 1837 1529 1877 uno
1557 1825 1693 1877 cantante
1708 1822 1803 1877 anteri
1815 1839 1857 1878 re-

153 1890 399 1945 ctoresutrudem
411 1888 733 1959 populumnullatemus
746 1892 925 1950 demonibus
937 1909 979 1948 rs·
1034 1891 1207 1963 spondeant.
1235 1890 1369 1947 Cantavit
1388 1907 1461 1946 unus
1486 1890 1624 1957 Christos,
1651 1890 1733 1947 idest
1747 1893 1859 1948 vaeavit

154 1959 297 2031 linquant,
312 1964 468 2030 antequam
484 1960 605 2032 populus
620 1962 978 2044 subjeetussciatdiaere:
1034 1962 1151 2018 Petrum
1176 1966 1205 2017 et
1229 1967 1348 2017 ceteros
1376 1962 1522 2033 apostotos
1543 1979 1550 2029 ;
1573 1961 1615 2017 illi
1638 1965 1856 2034 responderunt,

154 2030 289 2101 Domine,
301 2030 437 2087 miserere
457 2030 513 2089 niet
541 2037 708 2103 perosioris.
735 2035 873 2102 Quodest
894 2050 979 2106 opere
1034 2033 1101 2104 quia
1111 2033 1254 2097 Christum
1279 2032 1383 2088 imitati
1407 2042 1481 2097 sunt.
1498 2033 1608 2089 ntideo
1635 2034 1689 2089 iles
1711 2034 1858 2089 orsesium

153 2102 258 2168 dicore,
279 2104 364 2172 prout
385 2102 485 2161 doctus
499 2118 564 2159 som
579 2119 597 2158 a
611 2102 758 2161 mnasonis
773 2106 925 2163 :Miserum
934 2120 980 2161 me
1034 2103 1231 2171 convocationi
1245 2103 1440 2175 apestolorum
1455 2104 1598 2161 convenit.
1609 2105 1671 2178 lpse
1691 2048 1859 2163 idemeston

152 2188 336 2243 recognosco.
362 2176 391 2228 et
406 2173 469 2229 ideo
493 2172 720 2231 misericordiam
748 2177 798 2233 Dei
826 2176 980 2248 implorare
1035 2178 1156 2231 Versum
1183 2179 1291 2240 santet,
1307 2175 1375 2246 quis
1390 2174 1518 2231 Christus
1537 2188 1667 2231 seorsum
1683 2181 1856 2245 pernoctans

154 2249 276 2315 oportet.
289 2242 429 2314 Staotque
442 2247 510 2303 tuno
525 2262 575 2316 per
589 2262 619 2303 se
631 2245 661 2301 in
683 2246 857 2311 ecclesiast
874 2247 980 2303 illumi·
1034 2246 1112 2304 solua
1137 2247 1249 2311 orabat,
1275 2245 1348 2301 sicut
1358 2245 1387 2300 iii
1403 2246 1573 2318 Evangelio:
1587 2246 1650 2318 ipse
1676 2251 1773 2302 sutem
1794 2253 1858 2303 erat

153 2314 397 2380 ranteeetesisni,
422 2314 559 2385 quonism
576 2315 620 2373 ias
638 2321 682 2373 est
694 2324 726 2374 ut
744 2319 792 2393 qui
801 2319 865 2391 jam
879 2320 980 2374 doctus
1034 2322 1205 2389 pernoctans
1219 2316 1249 2385 in
1265 2317 1409 2372 Oratione.

153 2392 229 2445 osta
259 2387 376 2445 doctore
402 2387 504 2445 doceat
528 2386 677 2445 eeclesiam
703 2406 753 2461 pro
768 2391 828 2446 vice
842 2390 978 2458 doctoris,
1073 2389 1159 2460 Mn
1176 2388 1394 2445 Discorusouin
1410 2389 1587 2445 ascenditad
1611 2388 1860 2465 legendumpetit

155 2459 225 2523 ilum
252 2456 394 2523 similiter,
426 2461 457 2512 ut
472 2456 596 2517 divinius
610 2459 645 2516 de
659 2459 836 2527 diaconibus,
866 2460 980 2537 pluras
1033 2458 1859 2531 benedictionemabepiscopo.aisseipttlisanpeliumab

154 2528 261 2587 derina
284 2531 370 2590 etant.
391 2531 419 2583 et
431 2544 554 2599 paucas
572 2529 696 2586 sinistris
720 2533 772 2597 ide
787 2549 842 2614 quo
855 2532 979 2602 idipsum
1034 2530 1119 2587 altari
1129 2531 1752 2601 3ctprsacaduntanteeumduocasdelebra,
1764 2536 1793 2586 et
1803 2532 1859 2586 duo

154 2598 841 2735 tttltttttltltl{titinimett-⁸
855 2602 979 2659 risimus
1034 2600 1857 2729 bttlilttliltlbllt‘ittl‘renititisti·

176 2688 191 2727 a
381 2712 387 2724 .
706 2691 738 2728 ue
777 2690 919 2730 ratonem
969 2704 980 2715 ·
1527 2690 1540 2727 r
1633 2715 1640 2739 ,
1849 2703 1859 2714 ·

154 2745 264 2799 nurtur
277 2739 404 2801 candele
419 2688 594 2807 antepaltare,
608 2759 666 2799 nou
676 2691 741 2816 iim
754 2690 981 2809 altrinsecuspin
1034 2747 1093 2799 tani
1107 2743 1159 2799 viri
1174 2742 1268 2798 solent
1280 2741 1433 2799 confluere.
1448 2742 1524 2799 Petit
1537 2744 1616 2815 prius
1630 2691 1858 2801 bernitiotioiiem

154 2818 251 2883 enim,
265 2813 315 2869 sed
330 2811 437 2871 mistim
454 2813 649 2883 perordinem
668 2831 850 2887 unaquaque
864 2819 929 2895 post
940 2814 981 2870 al·
1035 2814 1210 2887 abepiscopo
1223 2829 1230 2879 ;
1246 2813 1394 2884 spiscopus
1406 2813 1504 2868 detilli
1522 2831 1529 2869 i
1546 2815 1678 2870 Dominus
1691 2816 1727 2869 sit
1741 2817 1768 2870 in
1780 2814 1861 2870 cordo

154 2888 248 2940 teram
263 2899 352 2953 usqua
367 2884 403 2938 ad
416 2882 615 2951 novissimam,
631 2886 698 2967 quia
711 2892 779 2942 sont
794 2886 912 2959 quidam
932 2884 980 2956 qui
1036 2890 1090 2953 ino,
1103 2893 1129 2941 et
1141 2888 1171 2940 in
1188 2884 1269 2940 tabiis
1280 2886 1345 2940 tub.
1357 2885 1507 2940 incensum
1518 2887 1595 2956 quod
1606 2885 1757 2956 poniturin
1771 2884 1860 2940 thnri-

154 2954 255 3011 omnis
266 2953 432 3025 relinquunt
446 2959 474 3010 ot
488 2971 549 3011 sesa
569 2956 607 3011 ad
621 2961 711 3013 vitain
726 2954 980 3030 contemplativam
1035 2954 1861 3026 bulumorationenidesignatsanctorum.UndedieitPro·

154 3026 365 3097 constringunt,
377 3025 504 3096 plerique
528 3026 652 3083 activam
667 3028 755 3085 vitam
770 3030 877 3085 ducunt
888 3032 918 3085 et
931 3028 980 3084 ba·
1037 3026 1127 3099 pheta
1139 3043 1146 3083 ε
1157 3026 1215 3083 Iliri
1238 3031 1302 3081 ator
1316 3026 1413 3081 Oratio
1425 3042 1491 3093 mea
1505 3026 1578 3082 sicut
1592 3026 1740 3082 incensum
1754 3030 1783 3085 in
1796 3043 1862 3082 coii-

153 3098 226 3153 bent
239 3112 336 3155 curem
353 3101 531 3155 terrenorum
547 3114 643 3157 rerum
656 3115 663 3164 ;
677 3103 775 3156 tamen
791 3100 878 3185 §52
892 3115 982 3171 quan·
997 3108 1022 3171 c
1037 3102 1134 3169 spectu
1150 3043 1365 3155 tunitieoonua
1380 3096 1448 3152 dicit
1462 3096 1595 3152 Dominus
1609 3098 1750 3153 nobiscum.
1766 3098 1800 3152 tit
1812 3113 1862 3178 po·

154 3173 218 3231 tuni
243 3170 362 3238 possunt
384 3166 582 3239 eleemosynas
610 3169 750 3236 iaciendo,
780 3171 890 3241 vigilias
905 3186 983 3227 eaor·
1036 3169 1162 3240 pulusse
1190 3167 1275 3223 vertit
1301 3169 1339 3222 sd
1367 3167 1523 3233 (trientem,
1551 3172 1615 3223 orat
1630 3169 1720 3224 Deum
1736 3170 1864 3238 utpossit

154 3240 259 3304 nando,
268 3244 329 3295 seta
353 3242 405 3297 unt
414 3254 566 3311 properare
579 3241 616 3294 ad
628 3241 790 3301 aeclesiam.
806 3244 882 3307 Quos
893 3250 982 3301 utros·
1037 3241 1124 3311 digna
1138 3238 1372 3320 intelligensque
1396 3239 1546 3294 auditurus
1559 3243 1603 3294 est
1614 3255 1621 3305 ;
1634 3244 1663 3294 et
1674 3238 1787 3309 signum
1799 3255 1863 3295 san·

154 3255 461 3381 prenostiaicetesia
484 3310 692 3371 mistimtenet.
719 3312 855 3377 ssueinris
875 3312 982 3369 etidso
1037 3315 1089 3367 ein
1103 3309 1195 3365 crucis
1218 3308 1322 3378 singuli
1350 3308 1498 3388 inciuotin
1527 3308 1668 3365 frontibus
1694 3309 1868 3380 suinutper

155 3380 246 3453 possit
269 3379 390 3451 intelligi
418 3382 553 3442 candelas
580 3398 631 3452 per
654 3384 785 3441 ordinem
810 3383 983 3441 antealtaris
1037 3381 1152 3452 signum
1167 3383 1272 3434 sanctas
1287 3395 1378 3459 crucis
1398 3378 1456 3433 sint
1483 3378 1604 3447 loricati,
1620 3384 1762 3451 quatenus
1786 3379 1866 3435 nulle

155 3451 235 3525 poni,
252 3456 284 3507 ut
297 3451 428 3523 expedite
440 3452 550 3523 possint
562 3452 687 3510 ministri
699 3456 737 3513 sd
752 3455 908 3512 ambonem
920 3470 983 3509 ciir-
1037 3448 1713 3523 phantasiadiaboticaet'raudisrdituminveuiet
1731 3450 1864 3521 introeun

154 3539 230 3591 rere,
240 3523 355 3585 etoirca
370 3521 474 3581 altaria
495 3522 670 3583 ministrare.
693 3525 878 3596 avernensis
906 3525 983 3596 quod
1038 3522 1065 3578 di
1079 3522 1108 3578 in
1124 3522 1210 3577 eorde
1224 3536 1334 3584 eorum,
1344 3519 1495 3575 etaulsirs
1508 3520 1706 3592 possitsenien
1719 3520 1864 3593 Evangelii

155 3593 416 3667 portaturpropiuv
438 3593 570 3664 episcopo
592 3596 720 3657 ostendit
733 3597 809 3668 quod
831 3596 926 3668 ipsum
941 3600 983 3652 est
1038 3592 1217 3653 damonibus
1244 3606 1355 3646 eorum.
1368 3590 1435 3646 Post
1458 3591 1517 3647 timo
1545 3592 1637 3648 baculi
1654 3593 1864 3665 deponunture

156 3666 241 3727 nobis
254 3665 299 3725 vie
309 3663 395 3727 eundi
410 3665 447 3723 ad
466 3681 587 3736 regnum
602 3666 660 3723 Dei.
1038 3664 1183 3723 manibus.
1198 3661 1289 3719 iudai
1302 3677 1428 3733 namque
1440 3662 1611 3729 arundinem
1626 3663 1654 3719 in
1669 3664 1787 3719 durtera
1797 3665 1864 3721 iesu

195 3737 239 3799 tn.
259 3736 298 3791 De
310 3736 421 3793 sessione
432 3737 522 3806 episco
540 3737 561 3794 i.
576 3738 657 3802 Obori
672 3736 802 3809 requiam
817 3737 982 3797 animorum
1038 3735 1157 3793 dabant.
1167 3732 1335 3803 etspineem
1345 3734 1644 3808 ooronnniospitiejus
1654 3735 1862 3807 imposuerunt.

156 3806 300 3879 signifieat
329 3811 375 3863 ost
389 3811 485 3885 actam
510 3754 733 3875 &retinuerunt
751 3809 819 3879 quid
843 3807 984 3878 significet
1038 3810 1067 3863 st
1078 3805 1245 3887 salutabant
1256 3820 1332 3877 eum¹
1347 3809 1534 3886 etqueflaoiia
1549 3811 1688 3877 ponentes
1702 3807 1864 3861 adorabant

156 3879 235 3951 qnod
249 3824 402 3949 prosiptsri
417 3895 482 3935 oum
499 3894 533 3934 eo
558 3879 677 3943 sedent;
694 3882 723 3941 et
737 3880 772 3938 de
787 3896 819 3943 en
831 3881 909 3961 quod
924 3895 984 3935 ver·
1039 3875 1276 3935 eumilludeutes.
1287 3878 1342 3931 Nos
1354 3891 1419 3932 vero
1429 3876 1570 3947 fugientes
1580 3893 1750 3934 consensum
1764 3892 1863 3931 eorum

155 3966 206 4009 sus
219 3949 257 4009 sit
267 3948 468 4019 adpopulum3
483 3950 610 4007 ostendit
620 3952 718 4013 dalani
734 3966 796 4011 esse
808 3950 848 4009 illi
861 3953 985 4023 potesta-
1039 3946 1372 4018 deponamusbseotun,
1395 3963 1479 4018 quoin
1495 3947 1536 4002 ittt
1546 3952 1698 4004 erexerunt
1713 3949 1749 4003 ob
1769 3962 1865 4018 super·

156 4024 332 4083 terreorum
360 4024 425 4083 ectr
456 4020 587 4081 soronii.
615 4016 771 4092 Episcopus
785 4022 900 4092 quidam
921 4024 986 4091 post
1041 4020 1393 4090 bismrtequimrossm,
1407 4017 1586 4088 nequestiuit
1601 4019 1866 4093 operimentumso·

155 4090 284 4163 primani
298 4089 476 4157 Orationem,
489 4109 576 4217 apuam
588 4091 985 4163 precationemnomirenioe,
1041 4095 1186 4162 psrssput
1209 4089 1310 4145 eadam
1324 4087 1396 4169 bora
1423 4092 1562 4170 tenentes.
1585 4089 1615 4143 bi
1640 4086 1790 4144 intraverit
1804 4086 1867 4160 quis

157 4164 239 4221 sedet
252 4178 351 4221 versus
375 4162 411 4219 ed
425 4179 497 4232 popo
513 4180 571 4228 nin,
587 4166 615 4219 et
634 4162 791 4234 presbyteri
814 4180 879 4223 coni
890 4180 935 4221 so.
955 4164 985 4221 tr
1041 4161 1134 4227 subito
1150 4157 1534 4227 esdeinboiernecclesiem,
1549 4159 1773 4215 nonsalutsmus
1788 4175 1866 4225 eam,

156 4235 222 4304 ipen
237 4248 302 4293 vero
318 4232 481 4303 precatione
492 4234 668 4305 optationem
683 4235 791 4295 bonaso
805 4233 928 4293 ecclesie
942 4233 986 4293 in·
1041 4248 1135 4303 nouus
1150 4246 1244 4301 genua
1263 4229 1396 4301 panlinus
1411 4231 1448 4285 ad
1464 4229 1643 4296 Orationem,
1660 4232 1750 4285 donec
1761 4230 1868 4286 testum

157 4302 325 4375 telliglnius,
339 4303 421 4375 quasi
433 4304 510 4361 diost
522 4304 626 4386 populo
643 4324 649 4364 z
666 4305 768 4375 Optavi
781 4305 889 4365 bonum
900 4305 988 4363 ooole-
1041 4303 1076 4361 stt
1088 4302 1280 4373 evangelium.
1291 4300 1379 4357 stiur
1389 4301 1523 4369 bsouluin
1531 4318 1684 4373 possumus
1696 4300 1867 4373 intelligere,

158 4374 336 4440 simeriaco
349 4376 487 4433 sedeodt
502 4392 551 4433 voa
561 4377 676 4447 quidem
689 4375 712 4435 sl
726 4376 849 4435 detentat
859 4376 986 4445 requiem
1042 4379 1097 4430 stc.

159 4446 309 4519 possidere
322 4446 497 4511 animarum,
512 4446 632 4517 quesita
647 4447 773 4518 primuni
789 4463 909 4518 regnum
925 4446 985 4510 llsi,
1003 4468 1025 4529 D
1078 4446 1122 4505 is.
1138 4443 1281 4502 Diaconos
1293 4442 1483 4512 pronuntians
1495 4443 1582 4499 verba
1595 4442 1740 4519 Evangelii
1762 4444 1795 4499 sd
1811 4444 1869 4498 tte·

161 4521 191 4574 at
200 4516 345 4589 justitiam
356 4517 426 4588 ejus,
441 4520 469 4572 st
480 4517 633 4576 adestarna
645 4517 989 4587 neeessariesdjioientur
1042 4516 1145 4577 ridiesn
1159 4518 1216 4572 stat
1227 4528 1336 4578 versus,
1351 4513 1487 4583 quonism
1502 4513 1558 4569 illis
1569 4513 1706 4585 loquitur,
1720 4516 1755 4570 de
1788 4514 1870 4570 uibus

161 4586 252 4651 vobis,
269 4592 297 4645 et
310 4593 373 4658 post
386 4587 536 4651 inveniatis
558 4588 697 4659 requiem.
709 4589 792 4647 Stare
807 4605 933 4660 natuque
946 4592 990 4647 est
1042 4587 1149 4645 Paulus
1159 4585 1284 4668 dicebat:
1294 4583 1627 4668 baptentismtoquiniur
1636 4533 1867 4667 interperiectos.

162 4659 258 4723 adbuc
272 4657 301 4723 in
316 4659 471 4724 cartamine
487 4659 577 4730 posito
594 4665 623 4717 et
638 4676 719 4719 orare
735 4678 741 4727 ς
760 4665 823 4730 nost
839 4660 987 4719 viotarinnr
1044 4658 1165 4724 orendo
1175 4672 1251 4713 onim
1264 4655 1306 4736 sol
1316 4654 1352 4711 nd
1365 4654 1511 4735 tlaridiem
1521 4662 1619 4728 resipit,
1632 4655 1787 4738 ferventior
1797 4655 1869 4711 solet

162 4746 232 4789 vero
243 4731 341 4787 sedere
354 4746 387 4787 nc
405 4731 543 4801 judicare.
574 4731 681 4791 Sedent
703 4734 732 4789 et
751 4732 989 4803 presbyterissae
1044 4729 1175 4793 existere,
1191 4731 1220 4785 et
1234 4726 1328 4783 altior.
1343 4726 1491 4796 Significat
1504 4743 1630 4798 nemque
1642 4726 1792 4784 ecclesiam
1815 4726 1868 4781 ier·

162 4818 210 4869 eo,
222 4816 344 4873 qnorum
366 4801 557 4867 ministerium
577 4807 620 4861 est
634 4802 759 4884 idipsum
775 4803 934 4860 enuntiare.
950 4804 990 4859 tle
1043 4798 1264 4859 ventemauinto
1275 4796 1305 4853 in
1320 4812 1420 4855 amore
1431 4797 1480 4852 itai
1492 4799 1633 4854 elevatam
1647 4815 1708 4855 esse
1720 4798 1749 4854 in
1763 4813 1869 4869 magno

162 4873 267 4946 quibos
277 4871 381 4931 Paulus
393 4888 400 4924 ε
414 4872 572 4944 Presbyteri
584 4872 687 4944 duplici
697 4872 805 4937 bonore
816 4873 989 4938 habeantur,
1045 4871 1170 4927 eulmine
1182 4869 1332 4927 virtutum.
1344 4867 1421 4933 Sena
1462 4870 1558 4925 usnalo
1572 4870 1698 4927 solemus
1712 4871 1811 4926 eadere
1832 4868 1869 4923 ad

162 4944 291 5005 maxime
315 4942 550 5014 noiteboiesiin
583 4943 745 5005 verberet.
771 4944 838 5003 Post
866 4944 991 5015 primani
1045 4941 1196 4999 tertionarii
1212 4938 1428 5019 magistrorum,
1442 4886 1538 5023 iacies
1561 4942 1689 5014 magistri
1705 4941 1794 5023 nostri
1809 4956 1868 4994 ani·

161 5014 324 5073 orationem
337 5017 396 5070 stet
421 5031 520 5071 versus
544 5016 580 5071 ad
604 5015 753 5089 populum,
769 5022 800 5071 ut
813 5017 993 5077 demonstret
1045 5012 1119 5085 plius
1134 5015 1177 5069 est
1191 5010 1303 5067 intenta
1315 5025 1417 5067 insum
1432 5027 1480 5083 qui
1494 5011 1859 5084 perisctiuspntestdiscere

162 5080 270 5160 popule
296 5090 447 5167 postquam
465 5086 522 5145 Deo
533 5103 563 5142 se
586 5086 784 5149 manileetavit
806 5091 836 5143 at
849 5103 901 5147 aua
917 5090 990 5157 eota,
1047 5083 1168 5213 quomis
1179 5080 1284 5152 eosqui
1297 5080 1658 5166 minuspertactedisount.
1669 5085 1731 5167 ttloii
1746 5100 1779 5139 eo
1795 5053 1871 5163 quod

162 5156 258 5217 oravit
273 5173 323 5228 pro
341 5173 370 5213 se
393 5173 435 5213 eui
472 5173 518 5221 ue,
534 5161 564 5213 et
577 5167 683 5230 poputo
701 5159 776 5217 bona
792 5162 923 5229 precatus
937 5162 990 5223 eet,
1046 5154 1086 5213 ili
1103 5154 1239 5225 solioptet
1255 5167 1337 5209 ausin
1353 5153 1586 5221 doctissimam
1601 5155 1742 5226 quiaitlos
1756 5167 1805 5235 qui
1816 5156 1874 5232 tnr3

159 5229 316 5287 attendens
331 5228 387 5289 tren
401 5232 462 5295 retii
477 5228 508 5295 it,
521 5227 628 5289 bebere
643 5228 833 5287 ministerium
843 5245 930 5299 opera
943 5245 992 5299 po·
1047 5226 1157 5283 diorein
1173 5240 1290 5281 rausum
1306 5222 1415 5304 babent
1427 5225 1487 5282 vult
1499 5227 1706 5283 itarnmdoceri
1721 5223 1813 5278 abitio
1823 5237 1871 5302 qui

183 5300 299 5361 olorum
317 5316 435 5361 suorum
451 5300 626 5365 examinare,
657 5301 719 5371 quis
738 5300 813 5357 inter
826 5317 875 5357 eoa
890 5300 993 5371 dignus
1047 5298 1129 5355 citius
1145 5312 1242 5353 veram
1264 5299 1408 5375 rationem
1437 5297 1565 5354 invenire
1581 5301 1673 5367 potest
1687 5295 1717 5355 tn
1742 5293 1878 5349 doctrina

162 5319 316 5440 Eebeator,
332 5371 376 5426 vel
396 5372 460 5442 uuis
474 5371 618 5443 indignus.
1048 5367 1190 5438 magistri.
1204 5366 1265 5423 lton
1281 5365 1403 5425 dicimus
1417 5364 1497 5423 itnut
1507 5368 1537 5423 tri
1549 5368 1596 5437 qui
1610 5366 1872 5446 posttergum'sont

201 5442 245 5497 13.
262 5443 336 5497 Nam
348 5441 411 5497 ideo
426 5442 512 5497 altior
523 5442 601 5498 locus
616 5441 724 5512 positus
739 5441 945 5515 coepiscopis,
961 5445 992 5496 ut
1048 5444 1172 5495 extorres
1181 5436 1239 5491 sint
1253 5453 1270 5491 a
1283 5440 1383 5492 sancto
1392 5438 1555 5510 Evangelio,
1566 5438 1615 5491 sed
1630 5440 1661 5490 ut
1671 5450 1722 5506 per
1732 5435 1872 5497 doctiores

163 5513 219 5586 ipsi
249 5514 496 5584 superintendant,
511 5518 540 5569 et
558 5517 697 5583 tanquam
727 5512 992 5639 custodiantpopu-
1048 5510 1144 5566 volnus
1159 5506 1261 5563 eruditi
1281 5507 1460 5573 erudientur,
1479 5513 1531 5563 etc.

165 5586 238 5641 lum.
251 5585 325 5640 Nam
340 5589 369 5641 et
382 5584 479 5641 Graece
494 5584 571 5655 quod
586 5583 855 5655 dicitnreplsoopus,
872 5584 926 5640 boc
963 5601 992 5639 a·
1084 5582 1127 5636 lti.
1144 5580 1209 5635 Post
1225 5580 1329 5635 lectam
1347 5579 1530 5655 tivangelium
1545 5576 1673 5633 candelae
1687 5573 1873 5646 exstinguun-

164 5657 226 5713 ttne
248 5652 460 5727 superintentor
487 5653 703 5726 interpretatur.
730 5654 798 5780 riuis
816 5654 988 5726 supervidet,
1049 5651 1173 5709 turpes
1193 5650 1328 5706 candelas
1356 5649 1506 5722 signentur
1531 5648 1660 5773 dpetores
1686 5647 1872 5702 siccissimas

162 5716 738 5863 nniiitintnttnnutsi
751 5715 989 5871 sinistre
1041 5708 1871 5868 uitiintttreeuttentnnnntnn
