4034 6180
102 210 149 279 iii
452 208 490 272 ΙΝ
511 212 542 274 S.
565 208 737 275 cananea
757 204 893 274 efflauit
911 209 1240 280 sicutnumerus
1259 206 1379 278 llO'l'AE.
1516 248 1524 257 ·
1710 206 1772 282 268
1876 304 1881 309 .

100 346 177 404 dicitis
185 360 231 415 pro
241 342 445 414 Ecclesin,puae
458 357 520 398 una
534 346 583 399 est.
599 342 687 398 Etlib.
697 358 723 396 rr
738 362 744 400 :
758 342 888 397 intersu-
904 340 931 404 Α
947 342 1119 400 recentiores
1145 361 1285 402 nornmm
1299 345 1449 401 Missamm
1475 344 1695 404 concinnatores
1715 347 1772 404 hoa

101 423 218 475 rrnnentn
230 414 342 469 neuneu
351 415 444 483 potuit
459 415 548 496 inrupi,
561 431 617 467 nnn
633 413 745 484 lipsiam,
762 413 791 467 id
805 418 849 468 est
860 413 889 467 in
945 430 1002 485 prae
1017 415 1182 486 ignorantia
1198 417 1292 472 miuus
1307 419 1466 473 observent.
1478 417 1577 488 ltaque
1587 417 1657 473 olim
1671 420 1771 491 apsel·

100 489 225 544 liissarum
238 484 424 541 celebratione
440 489 532 554 potuit
544 484 622 555 tangi
637 485 767 539 velamen
782 482 890 547 altaris,
945 486 1044 540 modia
1057 487 1140 543 Missa
1149 489 1270 543 ducebat
1282 488 1406 552 initium,
1418 493 1451 543 ut
1460 491 1546 544 modo
1558 488 1599 553 lit,
1610 493 1641 544 ut
1651 490 1770 560 planum

29 624 30 629 ἵ
100 575 145 614 nou
160 557 244 626 ipsum
257 555 357 619 altare,
372 556 449 626 quod
465 557 572 627 lignum
589 554 760 626 appellatur,
774 555 842 625 quia
854 554 891 609 li·
946 560 989 610 est
1002 573 1035 611 cx
1052 563 1150 612 sancto
1165 558 1309 629 Dionysio,
1324 575 1386 629 cap.
1410 554 1426 614 3
1442 558 1613 614 Hierarchiae
1637 560 1771 616 eeclesia·

99 630 321 702 pennatasque
331 628 405 681 dere
417 626 620 683 iolradioetur.
636 626 759 681 Sanctus
773 627 891 680 ambro·
946 625 1030 681 stieae.
1049 629 1100 684 Ubi
1114 628 1235 700 primum
1250 628 1388 753 gfrtntilex,
1402 629 1537 754 ductffitab
1552 629 1637 754 altar}
1649 630 1770 756 surffiul

1269 717 1276 755 ι
1293 716 1339 753 um
1350 715 1414 754 cum
1425 716 1457 754 su
1506 716 1627 841 roneger
1640 717 1672 755 us
1686 716 1747 756 rari
1763 742 1771 768 ,

99 697 210 761 smalib.
228 714 253 750 ιιι
269 698 303 752 de
323 697 483 768 Virginibus
508 701 560 753 :Aa
584 696 652 768 quid
681 703 722 752 est
743 697 893 767 indipuius
948 696 1092 764 nisiuitio,
1107 700 1186 755 chori
1200 717 1247 755 am

97 767 894 898 ltalnt‘ititt.ttttlii‘iitinitebat
947 769 1773 899 litii“illdtutatiattrutinat·

98 910 199 977 nonusis
213 883 334 976 uocibus,
343 919 371 966 ut
382 909 672 976 irnnediuturnrutio
681 925 734 980 pro
745 909 839 965 sainte
849 909 894 963 rte-
948 881 1038 979 diurn,
1053 883 1131 967 omni
1143 886 1242 967 arilina
1255 858 1568 967 ecclesiastialsanram
1580 911 1632 982 ipsi
1648 914 1773 985 psalmo·

96 980 382 1053 promptuariorum?
406 979 730 1052 Sanctushugustinus,
756 979 838 1048 epist.
859 979 894 1033 59
949 980 1026 1034 diam
1055 983 1229 1038 succinente.
1261 982 1310 1037 Cui
1327 983 1448 1037 ridetur
1474 983 1624 1053 suffragari
1657 989 1773 1039 sanetus

98 1050 298 1123 t.llunclll),ad
309 1050 460 1106 Paulinum
476 1068 482 1107 :
498 1051 533 1107 Ut
547 1052 713 1121 precationes
723 1051 895 1119 accipiamus
949 1052 1081 1119 Basilius,
1098 1053 1146 1109 lin.
1164 1055 1199 1108 de
1212 1053 1319 1125 Spiritu
1338 1056 1452 1118 Sancto,
1477 1053 1514 1108 ad
1529 1052 1772 1124 Amphilochium,

96 1124 175 1186 dietas,
189 1139 253 1192 puna
273 1122 392 1193 [animus
401 1121 430 1176 in
449 1123 629 1177 celebratione
647 1128 903 1182 sauromatarum:
949 1138 1011 1193 cap.
1026 1123 1069 1187 it,
1087 1140 1154 1179 eum
1169 1124 1209 1179 ait
1221 1125 1353 1194 quadam
1369 1123 1502 1194 praemitti
1514 1123 1629 1179 lectionl
1645 1124 1774 1195 Apostoli

95 1192 296 1264 ouepunmitlad
304 1193 420 1264 pandent
431 1194 460 1246 in
469 1193 685 1248 mutuamina
694 1192 811 1261 incipiat
820 1192 895 1246 leue-
949 1198 978 1248 et
995 1194 1158 1265 Evangelii:
1173 1197 1211 1246 Ου’
1226 1197 1276 1267 γάρ
1290 1192 1320 1246 li
1333 1198 1434 1255 τούτοις
1443 1197 1592 1281 ἀρκούμεθα
1604 1193 1662 1246 dui
1680 1196 1775 1248 Ἀπόσ-

94 1266 145 1319 din.
160 1264 189 1317 Et
202 1262 250 1317 lib.
267 1265 302 1318 de
318 1265 398 1317 Dono
418 1262 646 1334 perseverantiae,
666 1280 728 1333 cap.
745 1262 795 1316 13:
818 1261 895 1327 Quod
948 1263 1031 1327 ruine,
1047 1266 1104 1323 hri
1117 1264 1264 1336 rumpebam
1290 1264 1446 1335 inepriata
1473 1264 1537 1316 ἀλλα
1556 1264 1713 1340 προλέγομεν
1728 1270 1774 1318 καί

94 1352 143 1405 erpa
159 1334 188 1388 in
205 1336 381 1389 iuramentis
394 1335 518 1401 fidelium
539 1333 653 1393 dieitur,
670 1337 701 1387 tel
721 1348 835 1387 sursum
848 1348 895 1387 cor
948 1332 1097 1407 έιπλέγομιν
1112 1336 1194 1408 ἔτερα,
1211 1337 1247 1397 ὡς
1261 1335 1375 1408 μεγάλην
1390 1338 1486 1407 ἔχοντα
1498 1339 1562 1408 πρὸς
1583 1340 1612 1388 τὸ
1624 1342 1774 1412 μυστήριον

93 1406 259 1462 mannan
276 1405 435 1471 Dominum,
444 1420 547 1460 munus
561 1412 599 1459 est
615 1404 733 1460 Domini.
948 1410 995 1463 ran
1007 1406 1098 1477 ἰσχὺν.
1109 1407 1139 1460 ld
1150 1410 1202 1468 est,
1215 1422 1272 1461 non
1284 1409 1396 1460 tantum
1405 1406 1636 1462 contentisumus
1647 1407 1691 1462 bis
1701 1424 1774 1479 quo·

119 1477 142 1529 3.
150 1476 193 1531 Es
203 1475 359 1530 riutbertico
368 1476 438 1530 libro
447 1475 616 1531 bibliotheca
625 1474 752 1530 Cubieuli
759 1475 892 1545 arreptus.
948 1491 1013 1531 rum
1029 1476 1224 1532 meminerunt
1236 1479 1386 1547 Apostolus
1395 1483 1423 1531 et
1437 1478 1640 1549 Evangelium3
1657 1480 1707 1533 sed
1718 1478 1776 1534 alia

93 1547 157 1600 -ln
175 1545 235 1602 aliis
249 1547 400 1605 codicibus
412 1546 516 1601 nostris
529 1563 595 1600 mss.
612 1546 673 1600 brec
687 1546 774 1599 rerba
786 1544 895 1600 deside·
948 1546 1081 1616 quiedam
1091 1547 1291 1618 premittimus
1302 1552 1329 1601 et
1339 1548 1695 1620 subjungimus,tauquam
1702 1549 1776 1613 mul·

91 1624 422 1688 rantur,quaenonparum
435 1615 799 1672 iaciuntadauctnritatem
810 1616 894 1686 hujus
948 1623 1011 1672 turn
1023 1618 1161 1674 momenti
1176 1620 1213 1673 ad
1229 1619 1283 1673 hoc
1297 1618 1461 1690 mysterium
1478 1618 1624 1674 babentia.
1641 1620 1775 1676 alcuinus

91 1687 196 1742 indicis.
217 1688 365 1743 Habentur
379 1688 408 1743 in
424 1687 522 1752 Editis,
542 1692 659 1757 excepto
675 1687 730 1743 hoe
745 1686 892 1749 vocabulo,
911 1690 1047 1758 Rtamen
1067 1689 1116 1743 lib.
1131 1691 1166 1744 de
1181 1688 1260 1745 Olllc.
1281 1688 1395 1757 divinis,
1410 1706 1471 1760 cap.
1486 1690 1520 1744 de
1534 1690 1731 1758 vestimentis,
1748 1695 1776 1746 et

91 1757 893 1829 tilro.Cubiculumestqu0ddamsecretarium,cclla,seu
948 1759 1122 1825 Amalarius,
1139 1759 1186 1814 lib.
1203 1777 1232 1814 ιιι
1249 1761 1284 1814 de
1298 1760 1366 1815 eccl.
1382 1761 1496 1821 uinctis,
1513 1776 1575 1831 cap.
1591 1762 1618 1826 b,
1649 1762 1777 1817 scribunt
1883 1766 1886 1775 '

90 1828 262 1902 domusjuxta
277 1829 429 1885 eeclesiam
444 1833 535 1884 sancti
549 1828 633 1895 l’etri,
650 1830 678 1883 iu
694 1845 751 1900 qua
774 1829 893 1882 excuba·
949 1830 1003 1884 hnc
1018 1830 1180 1885 institutum
1198 1846 1330 1885 manasse
1344 1835 1458 1884 tuntum
1480 1847 1496 1885 a
1522 1831 1674 1885 Coelestino
1689 1848 1774 1902 papa,

90 1900 173 1954 bautii
184 1901 231 1971 qui
246 1901 283 1955 ad
297 1901 460 1955 custodiam
475 1917 627 1971 corporum
643 1906 808 1954 sanctorum
826 1914 894 1967 apo·
949 1899 997 1970 qui
1012 1900 1137 1956 instituit
1149 1906 1180 1955 ut
1189 1901 1296 1957 Psalmi
1308 1916 1340 1955 cn
1347 1906 1414 1955 ante
1424 1900 1777 1957 sacrificiumcanrrcntur

90 1970 210 2026 stolorum
224 1970 392 2026 cubicularii
412 1970 479 2026 dicti
495 1976 570 2040 sunt,
595 1970 624 2025 in
638 1987 697 2040 qua
722 1974 809 2024 ctiam
832 1971 897 2023 eret
949 1972 1024 2095 guod
1038 1977 1123 2028 antea
1135 1988 1192 2027 non
1205 1972 1300 2034 tiebat,
1311 1988 1376 2025 cum
1392 1971 1476 2025 Missa
1490 1976 1603 2026 tantum
1625 1972 1776 2028 exordium

90 2043 242 2098 bibliotheca
255 2042 672 2105 sacrorumlibrorum,eorum
682 2038 894 2111 praesertimqui
971 2047 1066 2097 ureret
1081 2059 1097 2097 a
1113 2042 1234 2098 lectione
1249 2042 1386 2113 Apostoli,
1400 2048 1428 2096 et
1445 2042 1599 2113 Evangelii.
1616 2043 1678 2097 Haec
1693 2042 1734 2097 illi
1747 2047 1776 2098 et

90 2112 245 2168 adollicium
259 2113 484 2168 ecclesiasticum
498 2118 525 2167 et
540 2111 637 2166 divina
660 2111 796 2181 mysteria
813 2126 895 2181 pera·
951 2119 1033 2168 recte.
1050 2114 1123 2168 Nam
1137 2119 1265 2183 tempore
1280 2114 1371 2168 sancti
1395 2112 1500 2185 tustini
1525 2114 1669 2238 mandris.
1686 2113 1775 2194 27ss

87 2184 319 2255 gendaspeotant.
340 2185 422 2249 Quod
441 2182 535 2238 ridere
556 2188 600 2238 est
618 2181 705 2237 etiarn
728 2182 756 2236 in
780 2181 896 2236 basilica
950 2183 998 2255 qui
1010 2184 1154 2254 discipulis
1169 2184 1487 2255 apostolorumcoarus
1515 2183 1578 2247 luit,
1623 2185 1680 2240 issa
1707 2186 1775 2239 iner-

89 2255 151 2309 nota
165 2255 251 2327 275
268 2272 285 2311 a
300 2258 402 2310 sancto
419 2254 538 2309 Paulino
553 2253 702 2319 aedificata,
722 2251 768 2308 ubi
783 2269 800 2306 a
816 2256 896 2323 parte
952 2255 1047 2326 plebat
1061 2253 1267 2319 electionibus,
1280 2254 1333 2309 uti
1355 2270 1384 2307 sc
1401 2258 1523 2309 testatur
1542 2254 1571 2309 in
1588 2254 1672 2326 epnlo
1693 2254 1720 2309 ia
1734 2271 1776 2311 se·

89 2325 184 2381 sinistra
198 2326 306 2397 apsidis
324 2325 389 2380 lecit
407 2325 592 2380 secretarium
617 2323 696 2378 libris
717 2322 805 2378 sacris
829 2339 895 2378 con·
950 2271 1601 2397 sundaproChristlanissulslinem:Etsntis
1631 2272 1776 2381 utinum
1846 2397 1849 2401 ,

89 2396 171 2452 dendis
182 2404 292 2468 aptum,
306 2397 384 2468 quod
396 2396 458 2469 ipsa
471 2394 618 2466 inscriptio
631 2393 781 2467 significat.
950 2397 1003 2458 die,
1020 2398 1143 2452 omnium
1162 2396 1210 2467 qai
1221 2398 1264 2451 iret
1277 2398 1308 2451 in
1322 2396 1442 2466 oppidis,
1460 2397 1505 2453 nel
1518 2401 1584 2451 ruri
1606 2342 1721 2467 (lapaut,
1745 2412 1774 2450 ιιι

950 2468 1072 2524 waldem
1087 2468 1174 2521 locum
1191 2475 1343 2523 conuentus
1356 2467 1397 2538 fit,
1413 2472 1457 2518 ani
1476 2468 1508 2518 τὰ
1521 2467 1776 2539 ἁπομιημονιύματιι

950 2541 1000 2590 τῶν
1012 2537 1185 2603 'bannilem
1200 2538 1216 2597 a
1229 2541 1262 2589 τὰ
1275 2540 1471 2610 συγγράμματα
1485 2540 1534 2588 τῶν
1548 2544 1689 2611 llpepnro'su
1710 2541 1772 2589 ἁνα-

87 2662 89 2667 4
949 2614 1107 2680 γινώσκεται
1129 2614 1225 2681 μέχρις
1248 2612 1260 2661 i
1278 2606 1371 2682 χωρεῖ.
1396 2590 1427 2662 ld
1448 2611 1501 2671 est,
1517 2611 1546 2662 et
1565 2608 1776 2664 commentaria

45 2701 51 2714 .
115 2678 145 2735 Ut
156 2684 277 2736 testatur
288 2679 367 2735 idem
379 2684 494 2735 sanctus
508 2678 652 2742 Paulinus,
665 2677 744 2749 epist.
765 2678 806 2735 12.
951 2628 1325 2751 apostolorum‚autscrlpta
1335 2680 1692 2761 prophetarum,quantum
1701 2680 1775 2735 hora

113 2748 896 2821 illusa-AntiquiPatresiereutunturbocroca·
951 2749 1096 2822 permittit,
1111 2751 1254 2823 leguntur.
1268 2750 1384 2813 Deinde,
1403 2750 1508 2805 lectore
1523 2756 1708 2820 quiescente,
1718 2754 1772 2805 etc.
1803 2766 1806 2775 ·
1852 2782 1855 2789 ·

87 2819 300 2877 boloinnnmero
312 2822 414 2893 plurali
428 2820 753 2892 ;babeturtamenapud
764 2825 895 2874 sanetum
950 2822 1171 2891 hpudsanotum
1185 2821 1321 2903 cyrillum
1332 2821 1459 2892 quidem,
1473 2822 1581 2877 catech.
1598 2822 1615 2877 t
1629 2826 1775 2892 mystago-

87 2893 249 2949 lmbrosium
272 2893 431 2963 singulare,
452 2892 524 2947 libro
539 2892 650 2963 quinto,
671 2891 779 2961 ⁸epist.
792 2890 837 2951 35,
859 2891 895 2944 ad
949 2892 1022 3017 gica,
1041 2892 1169 2948 ubiordo
1183 2895 1270 2948 ltrssa
1293 2896 1468 2957 recensetur,
1495 2893 1589 2962 primo
1603 2893 1637 2947 nt
1665 2891 1772 2947 mentio

87 2960 404 3019 llarcelliuamsororem
415 2977 422 3018 :
433 2961 690 3035 Sequentrdieternt
702 2970 792 3017 autern
805 2960 896 3015 Dnmi·
961 2963 1065 3018 otionis
1088 2979 1219 3028 manum,
1237 2962 1341 3018 deindo
1362 2962 1450 3018 osculi
1475 2963 1564 3033 pacis,
1590 2979 1715 3035 qnorum
1729 2979 1774 3018 ra·

87 3035 354 3104 eiralpnrtteetiones
366 3039 548 3089 attrectatum
559 3032 894 3096 dimissiscateebumenis,
912 3052 935 3112 ρ
949 3033 1057 3089 tionem
1074 3034 1221 3106 mysticam
1234 3032 1328 3088 reddit
1343 3035 1410 3099 3sed
1425 3048 1481 3087 nou
1488 3038 1561 3159 gulo
1576 3037 1644 3089 tunc
1658 3034 1773 3091 ldissam

88 3101 227 3172 Symbolum
238 3105 381 3178 aliquibus
389 3104 603 3175 competentibus
613 3104 643 3159 in
656 3103 821 3172 baptisteriis
837 3111 895 3157 tre·
949 3107 1075 3160 caruisse
1085 3105 1204 3160 lectione
1219 3121 1314 3171 sacra;
1323 3120 1391 3159 nam
1404 3104 1480 3160 ldem

87 3173 311 3241 debaubnsilieae,
321 3174 672 3231 illienuntiatumestmilri
681 3173 895 3245 compertoquod
948 3176 975 3239 i,
993 3175 1125 3230 bortatur
1137 3176 1283 3247 legendum
1297 3192 1345 3230 eas
1355 3175 1515 3246 Scripturas
1525 3176 1664 3231 duntaxat
1672 3180 1772 3258 quaein

88 3248 115 3297 nd
125 3248 284 3303 Pertinacem
300 3247 446 3302 basilicam
459 3246 610 3318 deputatio
625 3246 738 3300 mannos
747 3245 894 3309 misissent,
950 3246 1074 3302 Ecclesia
1087 3247 1230 3317 leguntur.
1241 3246 1269 3300 Si
1282 3262 1347 3301 vero
1365 3246 1475 3300 nullam
1500 3245 1568 3301 fecit
1593 3252 1772 3302 mentionem

88 3320 107 3366 st
118 3318 173 3372 netu
186 3320 401 3389 suspenderent,
417 3319 517 3387 pupuli
526 3323 632 3387 partem
651 3330 684 3372 eu
696 3330 819 3386 perpere.
835 3315 896 3385 Epo
949 3317 1435 3386 lectionisScripturarumcatech.5
1448 3322 1584 3389 mystag„
1595 3318 1624 3372 in
1638 3321 1772 3389 promptu

88 3394 161 3441 tenen
176 3389 267 3445 mansi
281 3391 312 3443 in
335 3403 458 3455 munera,
479 3388 597 3443 Missam
613 3386 707 3456 fucere
723 3385 798 3457 capi.
821 3384 894 3440 Dum
950 3392 1102 3455 causaest,
1118 3388 1186 3458 quia
1203 3386 1362 3442 laoiliserat
1376 3388 1448 3442 ratio
1461 3403 1525 3443 cum
1536 3388 1687 3460 Scriptura
1700 3390 1772 3460 lege-

88 3458 161 3523 opero,
175 3465 290 3530 ruptum
301 3459 446 3530 capaneia
460 3459 560 3528 pupulo
576 3458 721 3513 Castulum
736 3455 894 3528 queiudnm,
950 3464 1048 3513 rentur
1062 3458 1090 3511 in
1103 3463 1245 3512 consentu
1257 3474 1264 3523 3
1275 3457 1396 3513 aliorum
1412 3474 1479 3513 rero
1496 3458 1698 3531 mysteriorum
1714 3475 1772 3515 non

87 3530 347 3601 emmerammum
372 3529 496 3584 dicerent
519 3528 633 3584 Ariani.
653 3528 735 3582 Hunc
759 3528 897 3581 anteurin
949 3530 1030 3590 item,
1047 3543 1135 3598 quam
1149 3528 1322 3582 enucleatius
1347 3528 1469 3599 explicat
1493 3528 1522 3583 in
1544 3530 1598 3584 hac
1612 3530 1767 3588 catechesi.

86 3602 356 3669 ptsteaoffenderuut
379 3607 561 3655 transeuntes.
589 3598 769 3654 amarissime
793 3599 897 3667 piereet
951 3597 1154 3654 ldeminitium
1169 3598 1261 3653 Missa
1277 3598 1519 3669 aScripturisdiu
1536 3600 1772 3671 perseveravitin

87 3674 188 3725 oraretis
202 3672 264 3741 ipse
279 3671 424 3727 obmtione
437 3672 521 3724 Deum
533 3671 609 3740 supi,
624 3676 654 3725 at
665 3669 828 3724 subveniret.
842 3668 896 3724 Ubi
951 3669 1084 3724 Ecclesia.
1096 3667 1169 3723 Nam
1183 3668 1296 3739 rigebat
1308 3668 1538 3740 adbuctem'pore
1552 3670 1642 3725 sancti
1652 3672 1771 3726 ambro·

87 3740 185 3796 terbum
198 3743 288 3812 offero
301 3746 332 3798 et
351 3757 456 3796 nomen
471 3740 571 3796 oblatio
585 3739 820 3811 aperteinnioant
832 3738 896 3795 llis-
950 3740 983 3795 sii
997 3745 1028 3795 ut
1043 3740 1256 3810 planumestex
1266 3739 1348 3810 epist.
1363 3741 1397 3795 35
1413 3740 1503 3795 libr:
1523 3741 1663 3807 (Nunetb
1672 3744 1771 3813 primas

87 3825 136 3864 sem
150 3813 199 3867 hoo
215 3818 354 3869 locoesse
373 3814 408 3867 de
421 3810 560 3867 sacrificio
571 3813 698 3883 corporis
709 3816 737 3866 et
746 3809 896 3882 sanguinis
949 3811 1079 3882 elnssr's):
1094 3811 1228 3882 Sequenti
1241 3812 1297 3876 die,
1318 3819 1379 3867 erat
1393 3818 1486 3866 nutem
1501 3812 1653 3875 flaminica,
1661 3817 1721 3884 post
1735 3814 1773 3869 le·

87 3881 172 3936 ihnsti
187 3884 324 3955 liturgico
339 3882 562 3954 intelligendam.
949 3883 1052 3939 stiones
1065 3888 1147 3952 arque
1162 3888 1323 3945 tractatum,
1335 3882 1456 3937 dimissis
1466 3883 1677 3947 catechumenis,
1694 3886 1772 3954 Sym-

113 3952 136 4006 t.
151 3954 188 4009 dd
200 3956 355 4010 introitum
370 3954 537 4024 Antiphone.
568 3952 643 4008 untes
657 3951 754 4023 suerit.
770 3983 799 3993 -
812 3952 854 4006 lta
866 3950 895 4004 in
952 3954 1042 4009 bolum
1052 3951 1773 4024 aliquibuseompeteutibusinbaptisteriistradebnm

86 3969 799 4103 1ιᾼιιῑίριιοιιιιιιῑο(ὶιοςοιιιιιιιιιιιι.[ᾳιίιιὶιὶοιιιιοίειιείε
812 4025 897 4092 atque
952 4025 1086 4087 basilica,
1096 4028 1149 4079 etc.
1162 4024 1196 4077 Et
1208 4023 1370 4095 cartagine,
1379 4028 1507 4095 tempore
1521 4025 1775 4097 sanotihugustini

87 4097 159 4148 etiam
174 4098 200 4150 in
214 4091 318 4151 Editis.
333 4096 376 4151 lta
395 4096 421 4150 lo
444 4099 549 4150 uuntur
564 4094 717 4149 Waliridus
730 4094 842 4158 Strabo,
861 4093 897 4146 de
951 4111 1018 4149 usus
1033 4094 1212 4148 Psalmorum
1229 4099 1295 4149 ante
1315 4095 1490 4149 oblationem
1510 4101 1623 4152 tantum
1643 4112 1707 4153 rece
1729 4102 1773 4152 tus

87 4163 167 4219 liebus
185 4169 299 4233 eccles„
322 4183 384 4237 cap.
448 4164 704 4235 ,ctMicrologus,
728 4180 791 4234 cap.
814 4164 840 4229 l,
861 4163 897 4218 de
952 4170 1003 4227 est,
1018 4168 1136 4235 utpotet
1150 4165 1243 4221 exllb.
1257 4181 1274 4218 ιι
1288 4166 1613 4237 Retractationum,cap.
1629 4170 1681 4224 ll:
1711 4175 1774 4223 nter

88 4236 326 4293 unsaratiooinus
341 4235 553 4293 ecclesiasticis:
569 4236 826 4291 luterimeantntur
840 4234 897 4288 An·
951 4236 1007 4290 lan
1029 4236 1155 4291 litterius
1175 4236 1289 4305 quidam
1315 4237 1362 4291 nir
1389 4237 1555 4293 tribunitius
1569 4246 1594 4293 et
1608 4239 1772 4307 antiatinus,

90 4305 185 4373 trplum
197 4308 236 4362 nd
248 4309 413 4371 introitum,
432 4321 492 4377 pua
510 4307 545 4361 ab
561 4306 677 4361 lntrnitu
693 4304 848 4360 sucerdotis
861 4303 899 4359 ud
951 4307 1042 4361 nereio
1054 4307 1129 4361 ande
1141 4308 1277 4362 adsersus
1292 4307 1340 4361 liei
1352 4309 1505 4373 ministros,
1526 4316 1558 4363 ut
1582 4310 1644 4380 fieri
1664 4311 1773 4377 assolet,

90 4376 330 4433 etnrebncuamen
338 4378 437 4431 meruit
446 4378 552 4433 babae.
561 4376 652 4448 Vulgo
665 4372 899 4445 lntrnitusappel·
951 4381 1092 4441 irritatus,
1108 4378 1281 4501 mosandri
1293 4383 1358 4431 tunc
1368 4393 1424 4435 esse
1436 4379 1511 4445 anan
1519 4379 1775 4451 carlmannum·

90 4443 162 4510 latur,
172 4453 200 4503 et
213 4448 378 4503 hebeturin
395 4448 544 4503 Codicibus
561 4462 629 4501 mss.
645 4445 769 4523 Rodradi
785 4446 900 4516 presby·
952 4454 1042 4517 perat,
1054 4446 1219 4517 utlrpmnin
1246 4448 1545 4504 altarcdieerenturde
1557 4452 1774 4508 Psatmnrumli-

90 4514 143 4582 teri,
157 4519 309 4574 etliatoldi
321 4517 442 4584 abbatis,
460 4521 488 4573 et
502 4517 531 4571 iu
545 4517 633 4572 Editis
643 4534 650 4581 ;
659 4518 688 4570 id
704 4517 792 4571 etiam
806 4515 900 4570 videre
954 4520 1071 4573 brusias
1085 4526 1152 4572 ante
1165 4517 1341 4581 oblationem,
1361 4520 1418 4573 sine
1432 4535 1491 4574 eum
1501 4520 1718 4577 distribueretur
1729 4538 1775 4593 po·

90 4590 125 4638 est
149 4591 222 4658 apud
248 4589 437 4650 amalarium,
459 4588 507 4644 lib.
539 4603 566 4643 ιιι
596 4586 846 4657 deOiflciis,cap.
865 4590 896 4641 5:
952 4589 1103 4659 putoqund
1128 4589 1227 4654 suisset
1251 4588 1384 4653 obtutum,
1408 4588 1776 4662 melediecreprebensinue

91 4654 286 4733 officiumquod
297 4666 416 4715 nocntur
425 4657 900 4723 IntroitusMissae3bnbetinitiumn
954 4658 1311 4731 tanernbntasserensfieri
1319 4676 1372 4714 nnn
1382 4667 1520 4729 oportere.
1534 4664 1613 4719 Unde
1627 4669 1725 4734 postea
1735 4663 1774 4718 ri·

90 4728 169 4792 amma
178 4731 358 4800 Antiphone,
368 4745 433 4812 pure
446 4730 549 4786 dieitur
559 4728 707 4794 introitus,
717 4731 743 4782 et
755 4728 859 4795 fluitur
869 4743 898 4780 su
953 4730 1054 4784 demus
1066 4729 1246 4784 Psalmorum
1259 4731 1433 4785 mentionem
1442 4730 1503 4786 lieri
1517 4731 1546 4786 in
1561 4732 1629 4804 ipsis
1642 4733 1774 4806 liturgiis,

92 4795 209 4856 &atione
235 4817 300 4874 pase
324 4801 429 4856 dicetur
451 4817 468 4856 a
491 4800 634 4856 smerdnte
658 4805 728 4855 ante
742 4799 894 4854 lectionem.
953 4804 985 4855 ut
1003 4799 1113 4854 clarum
1127 4805 1170 4856 est
1180 4815 1212 4855 ex
1225 4800 1374 4856 Geuuedio
1385 4800 1414 4856 ia
1429 4803 1533 4858 Musaeo
1546 4804 1713 4863 Massiliensi
1727 4803 1777 4877 qui

91 4864 161 4925 ltolls
179 4871 224 4927 bic
235 4878 281 4929 est
301 4871 410 4928 mentio
424 4870 530 4943 psalmi
546 4887 554 4937 ;
571 4872 621 4925 sed
635 4870 705 4925 satis
720 4868 898 4992 intelligitur,
954 4869 1058 4924 librum
1074 4872 1326 4926 sacramentorum
1340 4873 1501 4943 composuit
1511 4874 1692 4931 Psalmorum
1702 4875 1777 4933 serie

93 4952 147 4993 sam
157 4942 187 4997 tlt
200 4943 311 4998 mentio
326 4942 496 5014 hutipboure
509 4958 571 5013 qua
586 4940 611 4997 ei
627 4940 765 5012 praemitti
781 4956 812 4994 so
824 4944 852 4995 et
870 4954 900 4994 m
954 4946 983 4998 et
997 4941 1198 4997 decantatione
1211 4941 1372 4998 discretum.
1387 4944 1442 4998 Sed
1456 4944 1502 4999 hic
1517 4945 1697 5002 Psalmorum
1710 4963 1778 5003 usus

123 2510 233 2575 Siquam
250 2514 350 2561 saneta
362 2514 436 2560 tenet
448 2510 597 2560 meditandi
611 2512 639 2559 ln
654 2510 713 2567 lega
725 2510 863 2564 voruntas,

122 2573 164 2623 llic
173 2575 272 2637 poterit
283 2574 406 2623 residens
420 2574 504 2623 seems
516 2572 655 2623 intendere
667 2571 753 2625 libris.

94 5008 171 5077 sian,
189 5013 240 5068 Hic
250 5013 461 5069 Psalmusolim
476 5014 632 5067 canebatur
643 5010 702 5066 inte
724 5026 770 5073 er:
785 5011 860 5066 unde
871 5010 899 5064 in
954 5016 1084 5083 ternpore
1099 5012 1195 5067 Musaei
1205 5011 1397 5081 Massiliensis,
1413 5018 1442 5069 et
1452 5019 1549 5085 postea
1560 5017 1605 5071 ubi
1628 5034 1662 5073 ue
1674 5018 1778 5074 inGal-

93 5079 296 5160 Antiphonariis
310 5083 501 5156 Gregorianis,
513 5082 689 5163 ctinllissali
698 5027 901 5163 gomanonpost
955 5082 995 5138 lia
1011 5083 1201 5138 minimerece
1225 5087 1269 5137 tus
1282 5089 1353 5140 erat.
1366 5085 1440 5139 Nam
1453 5092 1582 5158 tempore
1592 5035 1779 5145 Tlieodcberti

95 5150 275 5221 Antiphonem
285 5155 399 5224 ponitur
407 5153 513 5209 Psalmi
526 5152 706 5224 principium.
721 5152 803 5216 Quod
815 5168 836 5205 ss
847 5167 903 5221 prr·
954 5153 1031 5227 regis
1046 5153 1166 5209 Treviris
1214 5155 1276 5209 issae
1291 5155 1439 5210 exordium
1462 5159 1555 5213 adhue
1574 5174 1591 5213 a
1610 5159 1779 5216 lectionibus

96 5232 147 5274 nus
159 5223 263 5279 Psalmi
271 5226 424 5281 versiculus
433 5223 657 5295 estantiphona,
669 5228 730 5278 tum
745 5222 826 5277 illam
838 5224 903 5277 sub·
957 5226 1124 5293 ducebatur,
1138 5229 1169 5279 ut
1184 5230 1262 5295 patet
1273 5241 1308 5280 ex
1318 5231 1416 5281 sancto
1431 5228 1568 5299 Gregorio
1579 5230 1736 5285 Turonensi
1749 5230 1779 5287 in

96 5291 207 5362 aequm
219 5296 363 5351 secundus
390 5296 497 5351 Psalmi
524 5294 690 5359 versiculus,
707 5293 759 5350 etsi
784 5292 903 5365 quidam
960 5295 1023 5351 ritis
1032 5296 1159 5359 Petrum,
1170 5294 1197 5350 iu
1207 5301 1306 5352 sancto
1318 5296 1425 5353 Nicetio
1435 5299 1617 5356 Trevirorum
1626 5301 1779 5373 pontillcer

125 5416 333 5474 *insanissima
345 5418 394 5475 Ed.
408 5426 451 5475 ost
463 5421 500 5474 20
516 5418 596 5491 epist.
615 5417 707 5489 primae
721 5415 829 5472 classis.
958 5417 1087 5490 phanum,
1114 5434 1162 5473 sen
1185 5418 1338 5486 introitum,
1367 5420 1504 5477 Psalmum
1530 5423 1593 5478 huic
1616 5423 1781 5494 Antiphane

124 5482 237 5544 lSancti
264 5490 387 5562 Gregorii
413 5490 641 5563 Antiphonarium
665 5505 728 5543 mox
742 5486 840 5542 edituri
860 5503 906 5541 su·
958 5492 1178 5560 respondentem,
1205 5490 1418 5561 Responsorium
1445 5510 1506 5548 eum
1532 5494 1619 5549 Versu
1640 5510 1702 5567 quta
1715 5494 1781 5550 Gra·

98 5565 160 5613 tius.
175 5559 243 5619 lisa.
262 5560 416 5627 Tbsoder.,
436 5568 535 5632 praeter
558 5561 716 5625 collectam,
737 5558 904 5624 Orationem,
959 5557 1049 5614 dualis
1064 5559 1264 5616 nominemodo
1286 5560 1484 5633 intelliguntur,
1514 5563 1640 5629 Alleluia,
1666 5564 1782 5620 Oderto-

99 5620 173 5697 Super
184 5628 296 5695 Oblata,
311 5630 505 5696 Preietiouem,
530 5636 596 5697 etc„
623 5646 685 5713 qua
700 5628 830 5686 exhibent
847 5643 903 5684 om·
958 5629 1028 5685 dum
1041 5646 1102 5686 eum
1117 5630 1242 5703 pluribus
1267 5631 1410 5700 Versibus,
1431 5639 1459 5688 st
1483 5634 1705 5690 Communionsm
1719 5651 1783 5694 cum

99 5706 139 5751 nas
150 5698 356 5771 masuram,
379 5704 525 5775 assignant
537 5700 654 5776 singulis
675 5701 704 5757 in
722 5700 815 5757 missis
827 5698 904 5755 Anti·
956 5700 1073 5772 Psalmo,
1086 5700 1251 5779 quaomnia
1264 5702 1455 5779 complectitur
1472 5704 1696 5778 antiphonarius.

242 5788 360 5851 Ριιτιιοι.
380 5788 519 5855 ΙιΧΧῊΙΙ.
1593 5796 1610 5873 a

1508 3104 1618 3176 prinus,
1631 3105 1772 3161 catechesi
1871 3118 1876 3127 ⁴
