4034 6180
215 266 271 342 tu
304 254 313 263 '
592 252 629 336 is
650 274 681 337 s
703 266 882 339 cnsoom
902 270 1042 338 uranu
1061 273 1397 340 sacnsueuronuu
1420 262 1539 340 nora.
1853 270 1910 341 nt

213 409 249 537 ξι
275 409 303 464 in
326 408 419 480 prima
437 406 573 462 Oratione
586 411 704 479 apparet
716 422 798 462 erasa
813 406 842 461 in
857 405 927 462 Cod.
940 406 1034 461 sancti
1050 412 1073 472 Α
1093 406 1181 531 Misqq
1194 408 1443 534 adqqroliibendum
1465 409 1501 465 ab
1519 410 1615 481 idolis,
1631 411 1667 465 ad
1683 410 1759 483 quod
1784 416 1915 481 spectant

237 481 255 534 ti
276 480 305 534 ii.
1092 480 1154 532 e‘us
1177 495 1220 534 em
1264 480 1327 534 issae
1347 481 1487 536 Collectae.

251 496 309 603 fat.
323 548 483 604 Ecclesiam
497 555 585 614 tuom,
602 552 654 603 ete.
668 548 710 603 lta
725 547 752 603 in
769 548 867 616 Editis,
883 553 911 603 et
928 546 957 601 in
984 546 1034 602 Co·
1106 495 1209 604 Jltatro
1225 551 1313 605 blissm
1327 552 1412 624 bajus
1428 551 1609 607 instituendae
1622 556 1676 616 est,
1692 551 1759 622 quia
1776 551 1845 607 olim
1861 553 1914 607 Ka·

212 621 321 676 dinibus
334 620 457 688 dotatur,
469 618 592 674 liodradi
602 625 631 673 et
644 620 802 676 disemum
812 620 841 674 in
853 622 907 674 boc
932 618 1036 674 ultimo
1092 619 1183 674 lendis
1193 622 1339 675 ianuariis
1352 623 1765 695 lrominesmultispaganorum
1775 624 1914 693 supersti-

212 692 327 763 ponitor
346 692 481 745 secunda.
506 692 578 744 Nam
591 690 669 760 prior
681 696 732 754 est,
748 708 754 746 :
771 694 842 746 Deus
856 690 906 760 qui
927 706 979 758 per
1004 706 1035 745 os
1092 691 1216 746 tionibus
1227 693 1444 757 erantobnoxii,
1456 694 1601 765 dequibus
1614 694 1730 749 consule
1741 696 1916 749 observatio·

212 763 417 830 beatiapostoti
426 763 492 815 tais
506 761 722 826 toonuis,nerlrl
731 763 776 816 tui
788 762 868 817 notis
878 775 1036 816 orcanarc·
1092 778 1141 817 nes
1151 768 1264 817 nostras
1272 764 1308 818 ad
1317 765 1505 819 Concordiam
1518 764 1693 836 regularum,
1708 766 1827 835 capso,
1841 771 1856 829 ,a
1874 766 1916 819 13.

141 868 149 885 .
210 833 320 896 revorti,
337 840 390 887 etc.
403 834 491 887 Porro
502 832 531 886 in
547 835 616 888 aaa.
629 834 741 888 ttatolui
754 835 891 887 suntduae
901 832 1035 886 uissaeue
1093 834 1121 886 ln
1131 832 1914 907 basinrebilursanctusPetruschrysologussermffi.

212 911 311 959 sancto
321 906 433 959 loanne
443 903 628 974 evangelista,
640 905 884 974 quemadmodum
896 905 972 973 apud
986 906 1035 956 l'a-
1129 906 1187 958 135.
1206 906 1347 972 Quatenus
1357 907 1389 960 in
1403 916 1512 971 octavo,
1527 912 1581 961 etc.
1599 908 1654 961 Per
1666 912 1797 962 octavum
1825 907 1915 972 diem,

212 977 342 1031 melium.
364 977 496 1029 Secunda
526 976 796 1030 inscribitur:ltem
817 977 845 1028 in
864 976 986 1035 die,·ita
1006 979 1037 1027 ut
1091 980 1296 1041 senoctaram,
1327 977 1493 1048 designatur
1520 994 1670 1049 supremus
1690 976 1917 1033 Resurrectiauis

213 1050 307 1119 prima
319 1046 469 1111 diceretur,
493 1047 691 1109 Primumdum
709 1046 792 1118 juata
807 1045 921 1100 titulum
935 1044 982 1113 qui
1010 1044 1034 1099 ei

213 1117 370 1199 prefigitur
379 1120 456 1188 apud
469 1119 603 1172 eumdem
620 1118 915 1183 Pometium,seconda
927 1131 995 1170 vero
1007 1114 1035 1170 in

214 1191 311 1315 (mitt.
323 1260 374 1314 llos
388 1258 568 1323 confidimus.
586 1260 616 1313 lu
630 1257 718 1313 Editis
731 1262 760 1310 τὸ
773 1273 826 1314 nos
841 1257 1031 1314 desideratur.

214 1332 245 1387 In
260 1334 328 1386 tiod.
345 1330 497 1385 tibemeusi
512 1330 617 1400 legitur
628 1344 679 1384 nas
702 1330 819 1385 selinus.

241 1403 311 1484 ⁸424.
326 1401 480 1458 darnulio.
494 1402 558 1473 teg.
568 1399 892 1464 ramatumrereratur
904 1400 940 1454 ad
953 1403 982 1452 τὸ
991 1415 1035 1471 pe·

214 1478 319 1598 mqqqas
326 1512 473 1599 t'icarium
488 1554 546 1597 sura
561 1542 659 1597 matri.
674 1540 773 1596 Simile
788 1545 833 1596 est
847 1540 917 1596 illud
944 1540 1036 1595 sancti

212 1614 356 1670 Ambrosii
366 1616 396 1669 in
408 1613 492 1668 Missa
503 1614 594 1667 sancti
605 1614 734 1675 loannis,
749 1612 801 1667 etsi
812 1629 870 1668 non
883 1612 920 1666 sit
934 1613 1034 1666 eadem

213 1686 369 1745 Praelatio:
393 1684 539 1740 Vivarium
554 1700 606 1755 pro
620 1700 650 1741 se
665 1685 756 1739 rriatri
768 1684 866 1753 titium
877 1683 966 1755 300
980 1684 1036 1738 ele·

214 1764 327 1814 menter
339 1756 487 1812 attribuit.

1091 1045 1161 1111 dies,
1174 1051 1202 1100 et
1214 1047 1398 1117 sempiternae
1421 1047 1563 1103 felicitatis
1585 1064 1679 1102 aerum
1693 1047 1838 1112 ultimum,
1849 1065 1918 1103 evo·

1091 1118 1917 1188 tutanujuscesaeeutihebdomadasanastasiuss‘innita,

1092 1188 1267 1257 expositione
1280 1189 1306 1243 in
1316 1190 1420 1244 Psalm.
1433 1207 1481 1245 vn:
1491 1190 1597 1261 Ψαλμὸς
1606 1198 1642 1260 τῷ
1652 1187 1916 1251 Δαὸίδπευὶὼδοης.

1090 1256 1204 1329 'Opibus
1216 1259 1308 1332 ipsiius
1323 1263 1338 1318 a
1354 1266 1440 1333 l'papd
1455 1261 1592 1334 ὀνομάζειν
1606 1264 1653 1319 τὴν
1666 1266 1729 1334 μετὰ
1740 1248 1787 1319 τὴν
1800 1213 1918 1333 ίζδομην

1091 1337 1136 1381 τοῦ
1154 1331 1386 1402 superruentium
1408 1336 1501 1399 (adra,
1517 1337 1562 1384 καὶ
1579 1329 1624 1384 δια
1644 1337 1722 1404 σιγὴν,
1736 1335 1919 1406 ἧνπμοιμήνυ·

1093 1402 1161 1459 arun
1178 1401 1332 1475 ὀκταήμερος
1343 1404 1396 1461 ius
1416 1409 1502 1476 ιτομή.
1519 1404 1612 1458 idest:
1626 1353 1755 1457 tsatmus
1768 1402 1856 1457 David
1866 1419 1919 1474 pro

1092 1476 1202 1527 octava.
1217 1473 1350 1528 Octavam
1366 1422 1437 1527 sotei
1450 1475 1596 1544 appellare
1612 1474 1758 1555 Scriptura
1778 1473 1867 1527 vitam
1882 1473 1918 1528 il·

1092 1541 1149 1597 lam
1165 1559 1230 1612 quae
1246 1549 1309 1614 post
1323 1561 1353 1599 se
1374 1544 1473 1598 limam
1489 1545 1573 1617 bajus
1584 1544 1676 1599 saeculi
1687 1544 1823 1615 sequitur,
1849 1560 1921 1599 uam

1091 1617 1192 1668 octavo
1203 1614 1248 1669 die
1262 1614 1338 1669 lacta
1348 1561 1433 1686 gol
1444 1615 1626 1671 circumcisio
1635 1561 1922 1686 praesignavittanc-

1091 1684 1295 1756 tusGregorius
1310 1687 1464 1757 Nyssenus‚
1476 1686 1653 1758 expositione
1666 1686 1694 1740 in
1706 1685 1850 1741 Psalmum
1868 1702 1896 1740 vs
1911 1702 1920 1741 z

1092 1762 1163 1808 orara
1183 1764 1228 1807 του
1256 1754 1431 1829 ἑὸδοματικοῡ
1453 1757 1621 1809 παυσαιιένου
1645 1762 1742 1829 χρόνου
1759 1756 1919 1814 ἐνστήσεται

248 1828 310 1885 126.
324 1830 371 1882 Art
396 1827 416 1883 V
417 1842 539 1896 caperet,
555 1826 596 1880 tta
611 1825 639 1879 in
653 1825 751 1888 Editio,
766 1826 842 1895 apud
863 1824 1035 1888 pamelium,
1092 1830 1176 1900 ἡμέρα
1188 1824 1270 1897 ὀγδόη
1284 1831 1348 1898 μοτὰ
1362 1847 1408 1885 την
1423 1810 1659 1899 {dibrehaiomim
1670 1832 1714 1899 μέν
1726 1827 1785 1897 tayo
1808 1832 1861 1892 ivn,
1878 1829 1921 1880 ὅτι

214 1906 243 1955 et
257 1901 286 1953 iu
306 1900 375 1954 Cod.
403 1899 524 1952 natatui.
552 1899 581 1951 lu
603 1899 671 1952 uod.
699 1896 825 1952 liodradi
848 1897 963 1951 additur
986 1895 1037 1950 unt
1054 1873 1077 1931 B
1092 1917 1157 1970 μετα
1170 1903 1216 1955 τὴν
1230 1896 1344 1971 {idapem
1353 1904 1458 1970 γίνεται·
1469 1886 1762 1972 οὖκένιδὶτουάριθμου
1781 1848 1921 1969 ἔιαδοχήν

213 1987 245 2026 ον
268 1985 316 2026 ra.

245 1988 312 2095 litt.
329 2038 407 2095 Atia.
421 2041 450 2094 tn
468 2039 535 2095 Cod.
550 2038 676 2094 liodradi
692 2042 720 2092 et
735 2039 810 2109 apud
827 2036 985 2093 Pamelium
1001 2036 1039 2091 le·

215 2112 292 2186 gitur
302 2113 348 2167 Ad
363 2114 451 2165 tontes
466 2109 490 2155 b.

252 2184 313 2237 mu.
326 2183 407 2238 Atia.
423 2185 453 2235 tn
472 2182 574 2235 eodem
588 2181 655 2234 Cod.
673 2183 701 2235 et
714 2181 790 2251 apud
817 2177 974 2234 llamelium
999 2176 1038 2232 le·

216 2253 294 2327 gitur
311 2256 349 2308 dd
361 2260 493 2308 sonetum
507 2253 661 2306 andream.

252 2325 313 2381 tta.
329 2323 366 2378 Et
384 2326 414 2377 in
425 2322 569 2391 pretiosis,
585 2325 638 2375 etc.
657 2322 721 2375 liaeo
734 2319 867 2375 Praelatio
887 2323 980 2374 exstat
1009 2318 1039 2373 in

216 2394 302 2451 Missa
315 2392 513 2457 Ambrosiam,
534 2394 585 2447 sed
598 2392 626 2446 in
642 2392 812 2462 quibusdam
824 2390 925 2446 variat.

256 2483 316 2539 130.
336 2483 374 2538 m
384 2483 465 2536 clara
474 2487 513 2537 est
522 2482 605 2550 prius
617 2480 766 2549 consessio,
780 2481 970 2546 ete.‚Sanetus
985 2480 1040 2532 Au·

215 2556 356 2627 gostinus,
372 2569 459 2608 serm.
474 2552 502 2618 9,
518 2553 552 2606 de
568 2551 694 2605 Sanctis:
711 2552 800 2606 Beata
812 2558 959 2621 zetusque
974 2564 1038 2604 nec·

215 2629 286 2682 dum
302 2624 447 2681 Christum
458 2628 553 2694 potest
568 2623 659 2694 toqui,
673 2627 699 2678 et
708 2625 774 2692 jum
788 2638 840 2692 pro
854 2621 971 2678 Christo
984 2636 1040 2677 me-

215 2702 299 2754 retur
309 2695 413 2754 orcisti.

251 2786 315 2841 i3t.
333 2786 401 2839 Ante
423 2783 532 2846 Passio,
564 2786 616 2837 etc.
650 2783 693 2837 lto
718 2785 834 2836 sanetus
863 2780 1039 2852 Augustinus

213 2857 305 2927 (Tam.
322 2857 354 2926 Ι).
370 2871 456 2909 serm.
470 2853 557 2909 citato
568 2853 721 2908 :Nondum
738 2859 901 2924 opportuna
914 2851 1037 2916 nutriere,

215 2936 242 2984 et
255 2928 362 2984 idonea
379 2925 521 2997 passiani.

250 3016 312 3070 l3l.
335 3014 528 3070 Votioadono.
548 3012 649 3067 Votiva
673 3011 750 3066 dona
780 3011 914 3067 dicuntur
941 3026 1040 3065 sacra-

215 3092 316 3143 menta
330 3085 456 3156 corporis
471 3089 500 3139 et
513 3083 660 3155 sanguinis
675 3082 789 3148 Christi,
804 3083 871 3153 quia
896 3088 1040 3138 ueneratur

215 3161 394 3229 omniaque
411 3158 652 3225 Deoofferuntur,
670 3158 701 3209 ut
715 3170 802 3224 supra
812 3170 846 3209 ex
861 3157 964 3208 sancto
983 3154 1038 3207 Aa·

215 3229 329 3302 guatino
346 3227 505 3284 docuimus.

69 3290 71 3299 Ι
163 3326 170 3332 ’
253 3318 315 3374 133.
334 3316 440 3371 Eodem
454 3315 503 3370 elie
516 3313 607 3368 saneti
621 3313 769 3383 Fulpentii
785 3311 994 3382 concepi-Haec
1009 3310 1039 3365 in

215 3388 279 3445 otiis
295 3387 400 3442 nostris
415 3390 482 3441 cod.
499 3401 568 3439 mss.
582 3400 640 3438 non
653 3389 897 3453 exstantcmeque
925 3383 953 3437 in
974 3382 1042 3437 Edi·

216 3464 262 3525 tis,
280 3474 371 3530 neque
385 3459 461 3528 apud
477 3458 643 3511 Pamelium.
666 3456 715 3510 ilie
729 3462 845 3510 sanctus
874 3453 1040 3524 Fuigentius

216 3531 271 3586 luit
285 3547 318 3586 ex
333 3530 475 3583 monacho
490 3528 642 3598 ltuspensis
657 3543 805 3597 episcopus
820 3529 847 3579 in
872 3527 978 3589 Al'rrca,
993 3540 1041 3578 cu·

216 3603 261 3673 ios
275 3603 344 3656 Acta
357 3602 419 3655 vide
431 3602 507 3670 apud
523 3604 598 3665 Sur„
616 3600 677 3653 Kal.
688 3597 826 3653 ianuarii.
844 3596 928 3652 Nulla
943 3602 1040 3650 autem

214 3673 309 3729 bicest
315 3671 595 3743 peculiaristtissade
603 3675 703 3724 sancto
715 3667 946 3739 Fulgenti0,quia
956 3666 1041 3721 lrlissa

215 3746 250 3800 de
261 3752 361 3799 sancto
377 3749 522 3815 sylvestro
533 3758 558 3797 er
579 3747 621 3796 est
634 3740 816 3811 applicanda,
834 3755 900 3794 cum
928 3737 1041 3809 utrique

215 3816 376 3872 conveniat.

251 3888 312 3945 uu.
327 3889 363 3941 ln
380 3884 495 3940 Oetaeis
512 3882 635 3938 Domini.
656 3879 701 3936 Sic
716 3880 865 3952 corippus,
882 3878 985 3933 lib.1r.

308 4002 364 4051 Lux
377 4004 473 4051 octova
485 4011 556 4048 novo
571 3997 707 4046 noscentis
721 3995 823 4046 lumine
838 3993 942 4043 Christi.

215 4099 281 4156 Dies
295 4104 411 4154 octavus
425 4094 616 4151 solemnitatis
629 4111 646 4147 a
660 4093 764 4148 Graecis
779 4091 881 4147 dicitur
902 4090 1041 4155 ἀπόλυσις,

215 4178 248 4226 ut
258 4171 355 4226 videre
370 4173 413 4224 est
426 4169 501 4237 apud
514 4171 645 4220 sanctum
661 4163 797 4220 basilium
819 4163 1040 4227 seleuciensem,

215 4242 265 4296 lib.
281 4258 310 4306 n,
332 4244 367 4294 de
382 4234 523 4292 Miraoulis
545 4240 652 4289 sanctie
664 4236 783 4297 Theclae,
800 4250 862 4304 cap.
891 4234 925 4287 18
939 4250 945 4287 :
961 4232 1039 4289 'urii

215 4320 262 4373 τῆς
275 4314 408 4383 μάρτυρος
424 4308 505 4367 αὐτῆς
519 4306 605 4380 iopen,
621 4311 666 4356 καὶ
687 4308 702 4362 ἡ
730 4305 866 4357 τελευταία
890 4305 938 4365 τῆς
952 4304 1041 4375 ἑορτῆς

215 4385 310 4455 ἡμέρα,
331 4383 360 4439 ἡν
372 4378 407 4436 δὴ
422 4384 467 4430 καὶ
480 4377 605 4429 naeinam
630 4377 715 4428 καλιῖν
730 4379 792 4445 ἡμῖν
808 4375 876 4444 ἔθος,
891 4377 924 4434 ὡς
951 4374 982 4425 ἂν
996 4378 1041 4425 καὶ

215 4458 295 4524 πέρας
308 4451 422 4523 ἐχούσης
435 4458 482 4510 τῆς
496 4449 595 4521 ἑορτῆς.
608 4448 638 4500 ld
652 4451 695 4501 eat
708 4462 714 4501 t
732 4448 846 4500 Festum
861 4452 923 4500 erat
935 4450 1042 4515 marty·

216 4524 256 4578 ris
271 4527 299 4577 et
311 4526 469 4593 postremus
486 4517 647 4574 festivitatis
658 4516 728 4586 dies,
744 4533 832 4587 quam
845 4516 927 4570 uobis
947 4516 1042 4586 appel-

1093 1969 1130 2040 ἐφ’
1144 1968 1238 2029 ἑαυτῆς
1255 1965 1396 2041 δεχομένη,
1408 1974 1452 2025 etc
1479 1971 1508 2024 ld
1523 1973 1583 2024 est:
1600 1970 1753 2040 Propterea
1763 1970 1840 2039 qood
1855 1986 1923 2040 sep-

1093 2042 1205 2094 tenario
1220 2044 1349 2110 tempore
1364 2040 1454 2100 linito,
1476 2045 1539 2122 post
1553 2041 1707 2122 septimum
1721 2039 1840 2094 instabit
1854 2040 1922 2094 dies

1094 2115 1230 2176 octavus;
1247 2112 1294 2181 qui
1307 2117 1423 2166 octavus
1438 2114 1554 2182 quidem
1569 2112 1681 2174 dieitur,
1695 2110 1763 2236 quia
1778 2115 1842 2181 post
1853 2126 1921 2181 sep·

1094 2180 1198 2236 timum
1224 2182 1330 2244 existit,
1353 2182 1464 2236 numeri
1479 2200 1542 2237 vero
1569 2181 1691 2236 vicissitu
1716 2184 1792 2237 inem
1813 2182 1842 2236 in
1856 2196 1923 2237 sese

1094 2268 1151 2307 non
1166 2252 1289 2323 amplius
1301 2254 1519 2309 admittit.Unns
1530 2252 1606 2307 enim
1619 2254 1646 2306 in
1659 2257 1826 2325 perpetuum
1837 2252 1923 2307 nulla

1095 2339 1221 2395 unquam
1237 2323 1357 2395 caligine
1383 2323 1542 2395 diremptos
1563 2329 1720 2394 permanet.
1748 2323 1922 2378 Aliusenim

1094 2409 1160 2449 euna
1175 2394 1264 2448 elficit
1277 2395 1330 2459 sol,
1366 2394 1392 2449 ui
1417 2411 1510 2449 veram
1526 2411 1577 2449 suo
1600 2394 1709 2465 fulgore
1731 2395 1822 2448 lucem
1839 2395 1919 2458 edit;

1094 2464 1142 2535 qui
1155 2470 1305 2536 postquam
1318 2481 1354 2520 no
1377 2465 1399 2519 is
1409 2466 1497 2521 semel
1510 2465 1679 2529 illuxerit,ut
1693 2464 1785 2535 inquit
1798 2468 1923 2535 Aposto-

1095 2536 1149 2598 lus,
1163 2537 1295 2605 deinceps
1310 2553 1410 2592 occasu
1427 2553 1483 2591 non
1500 2537 1667 2592 occultatur.
1695 2536 1816 2591 Sanetus
1838 2536 1922 2593 Basi-

1095 2607 1160 2674 lius,
1180 2624 1214 2661 ea
1237 2609 1302 2669 ,η
1330 2607 1393 2662 libri
1419 2609 1454 2662 de
1469 2607 1574 2678 Spiritu
1590 2612 1689 2661 saneto
1713 2607 1750 2662 ad
1767 2606 1923 2676 Amphilo-

1094 2678 1200 2732 obium:
1245 2679 1351 2749 aquosi
1359 2679 1448 2733 radies
1462 2681 1597 2734 uideatur
1615 2680 1717 2759 aliqua
1729 2678 1816 2731 moda
1828 2677 1921 2747 imago

1095 2750 1209 2804 uenturi
1216 2750 1415 2820 occultaeque
1427 2766 1494 2805 eum
1503 2751 1538 2803 sit
1549 2749 1717 2820 principium
1728 2749 1760 2802 di
1769 2762 1922 2812 eremmon

1091 2835 1206 2890 primus
1221 2836 1239 2875 a
1254 2822 1340 2876 Mose.
1353 2820 1401 2876 sed
1418 2836 1494 2875 uaris
1509 2821 1673 2891 appellatus
1692 2825 1733 2874 est
1747 2835 1755 2872 .·
1767 2819 1921 2889 litsactum

1093 2898 1131 2945 est
1146 2906 1270 2958 uespere,
1281 2892 1466 2947 etrnanadies
1479 2907 1566 2953 unies,
1582 2898 1724 2961 tanquam
1737 2889 1921 2969 quisupere·

1092 2970 1205 3016 currat.
1224 2967 1329 3034 Kaipia
1343 2967 1427 3013 τοίνυν
1441 2964 1455 3021 ἡ
1469 2962 1543 3023 αὐτὴ,
1557 2966 1602 3012 καὶ
1615 2958 1709 3031 ὀγδόη.
1726 2955 1811 3022 texui
1826 2979 1838 3011 ο
1851 2959 1923 3031 qivai·

1094 3028 1181 3103 μῳδὸς
1195 3035 1219 3084 iv
1238 3051 1307 3084 τισιν
1320 3035 1475 3106 ἱπιγραφαῖς
1493 3042 1542 3084 τῶν
1555 3030 1665 3104 ψαλμῶν
1690 3029 1850 3104 inepriata,
1881 3027 1922 3083 δι’

1094 3108 1186 3163 imerus
1211 3105 1387 3175 ἐμφανίζουσα
1413 3108 1460 3162 τὴν
1475 3106 1540 3175 μετὰ
1555 3107 1597 3154 τὸν
1612 3108 1708 3175 χρόνον
1722 3109 1812 3154 τοῦτον
1831 3103 1920 3152 κατοξ-

1096 3193 1189 3226 στασιν
1206 3178 1251 3231 τήν
1266 3173 1400 3227 ἄπαυστον
1415 3177 1523 3246 iniam,
1537 3172 1743 3253 studuissemus,
1773 3177 1820 3230 τὴν
1840 3169 1923 3224 istri·

1058 3230 1188 3316 Crepsa,
1207 3248 1249 3295 τὸν
1264 3245 1375 3303 ἄληκτον
1388 3230 1480 3297 ἐκεῖνον
1495 3250 1539 3297 καὶ
1552 3243 1641 3315 umam
1656 3263 1748 3299 αιοινα.
1762 3245 1793 3299 Id
1807 3247 1859 3297 est:
1880 3243 1922 3299 Ut

1093 3331 1165 3371 unus
1175 3316 1550 3377 sitidemetoctaaasmnum
1562 3302 1647 3372 ittam
1657 3314 1830 3384 singularem
1845 3321 1923 3369 stae-

1093 3402 1156 3440 rum
1171 3393 1315 3445 octauum.
1326 3387 1406 3453 eujus
1422 3387 1573 3443 Psalmista
1584 3386 1692 3443 alieubi
1706 3386 1735 3438 in
1746 3384 1923 3455 qmbrrsdam

1093 3457 1273 3513 Psalmorum
1287 3458 1380 3512 titulis
1391 3461 1532 3521 meminit,
1549 3473 1599 3528 per
1617 3472 1643 3509 se
1655 3456 1815 3527 significans
1828 3455 1922 3519 diem,

1092 3529 1218 3598 inquam.
1239 3535 1300 3599 post
1328 3528 1428 3584 barum
1444 3536 1596 3599 temporum
1608 3532 1713 3581 statum
1727 3542 1872 3595 nunquam
1888 3526 1924 3596 fi-

1094 3596 1921 3666 nieudum‚acuesperrenescium.uecsueressarieedentem,

1094 3670 1144 3724 boc
1156 3677 1197 3725 est
1213 3671 1478 3742 eternitatemquae
1491 3686 1540 3725 uae
1554 3669 1635 3741 finem
1652 3668 1923 3735 tabennensium

1094 3741 1186 3797 navit.

1132 3811 1220 3881 enjus
1233 3808 1272 3865 rei
1286 3809 1418 3864 notitiam
1430 3809 1557 3881 aliquam
1569 3809 1702 3867 habuisse
1712 3809 1825 3865 videtur
1834 3808 1921 3863 Plato

1096 3897 1192 3935 rerum
1205 3881 1408 3935 ltebraiearum
1426 3881 1502 3935 band
1518 3884 1600 3954 plane
1611 3881 1737 3954 ignarus,
1749 3882 1795 3952 qui
1806 3879 1924 3950 scripsit

1096 3959 1210 4006 sanctos
1233 3952 1319 4018 viros,
1342 3966 1460 4006 emenso
1475 3953 1560 4022 buius
1578 3953 1641 4007 vitre
1653 3951 1804 4017 curricul0,
1816 3950 1864 4005 ubi
1879 3967 1924 4008 se·

1098 4028 1175 4094 ptem
1200 4021 1261 4076 dies
1284 4023 1313 4075 iu
1340 4032 1421 4092 prato
1435 4024 1632 4078 amoenissimo
1647 4022 1838 4085 constiterint,
1852 4021 1924 4077 inde

1098 4098 1198 4147 octavo
1213 4093 1258 4147 die
1272 4093 1445 4165 migraturos
1458 4096 1495 4148 ad
1508 4096 1612 4150 coelum
1633 4111 1682 4164 per
1696 4100 1805 4165 septem
1822 4092 1923 4178 plane·

1097 4168 1193 4219 tarum
1202 4166 1295 4218 orbes.
1306 4164 1334 4215 ‘u
1345 4160 1373 4216 δὲ
1387 4167 1450 4236 μετὰ
1461 4168 1521 4226 τοὺς
1531 4165 1710 4237 πλανωμένους
1725 4168 1816 4239 πορεία
1825 4167 1867 4215 aut
1878 4166 1925 4215 τὸν

1098 4235 1204 4309 οὐρανὸν
1214 4236 1242 4286 at·
1251 4253 1282 4299 u,
1291 4239 1488 4299 rauriarsu‚rirr
1500 4233 1709 4307 ὀγδοηνκὶνησίν
1717 4254 1743 4287 τε
1757 4236 1923 4308 antipapam.

1098 4307 1203 4361 idest:
1229 4256 1308 4370 ttood
1333 4310 1429 4360 sotem
1459 4312 1522 4376 post
1546 4311 1675 4362 errantes
1691 4306 1754 4360 illos
1769 4306 1851 4359 orbes
1869 4304 1926 4359 iter

1097 4376 1341 4447 suscipitur,recta
1353 4377 1528 4447 perducitad
1544 4377 1644 4433 coelum
1662 4400 1667 4437 ;
1681 4376 1790 4432 isenim
1804 4380 1925 4431 octavus

1097 4453 1141 4502 est
1156 4452 1250 4502 motus
1265 4447 1373 4507 etdies‚
1389 4448 1464 4517 apud
1480 4447 1655 4502 Clementem
1683 4445 1924 4511 Alexandrinum,

1098 4518 1147 4572 lib.
1165 4520 1384 4571 vStromstum.
1399 4518 1456 4571 tloc
1471 4523 1568 4573 autem
1590 4518 1618 4572 in
1636 4519 1689 4572 bac
1701 4516 1926 4573 Praelatiouedi-

217 4593 277 4649 lare
291 4594 427 4645 απολυσιν.
448 4592 477 4645 id
492 4595 544 4654 est,
561 4588 774 4653 discessionem,
791 4603 854 4642 mos
886 4591 938 4651 est,
962 4587 1039 4657 quod
1061 4577 1172 4643 Deitur
1185 4588 1297 4642 ratione
1313 4588 1551 4650 circumcisionis,
1565 4605 1627 4659 quae
1640 4589 1685 4642 die
1700 4593 1799 4642 octava
1817 4587 1927 4643 Nativi-

218 4666 324 4720 sestum
337 4664 470 4733 deinceps
485 4661 569 4715 finem
587 4658 716 4729 accipiat.

256 4739 303 4790 llic
327 4740 425 4790 autem
449 4748 506 4787 uno
521 4733 676 4799 eodemque
707 4728 753 4783 die
766 4732 868 4782 octava
882 4727 1043 4782 celebratur

218 4806 328 4861 Natalis
345 4804 457 4860 bomini
470 4803 657 4875 ejusdemque
671 4798 865 4855 circumcisio.
880 4798 1044 4853 Natiuitatis

220 4883 321 4932 octava
336 4881 454 4946 apparet
469 4890 502 4929 ex
514 4875 596 4927 tituto
611 4871 675 4925 testi
685 4872 715 4927 in
732 4871 865 4924 carnibus
894 4867 1043 4924 (lodicibus

221 4949 434 5004 nostrismss.et
447 4945 476 4999 in
487 4941 604 5008 editis;d
619 4940 850 4997 Circumcisiouis
860 4939 921 4995 dies
931 4939 1042 4994 exPrae·

221 5019 330 5079 sabone
345 5024 374 5073 et
387 5014 682 5085 benedictionacnjus
693 5011 851 5075 celebritas,
860 5014 902 5065 est
912 5011 1042 5079 antiqua,

220 5106 289 5146 narn
306 5089 379 5143 illius
394 5088 501 5142 mentio
514 5085 584 5139 titia
593 5083 711 5138 coneilio
722 5083 878 5137 Turonensi
888 5098 981 5151 meap.
992 5081 1041 5135 17:

221 5162 471 5217 ornumornum
479 5158 545 5227 ipsis
557 5155 696 5210 Kalendis
711 5151 1044 5209 circumcursantium

221 5231 579 5302 Deeprapitiocerenrelur.
597 5230 683 5279 t’orro
696 5226 725 5278 ia
742 5225 810 5277 Cod.
832 5222 983 5278 ubernensi
996 5237 1042 5276 eo·

221 5305 286 5359 dem
297 5300 565 5371 dissequiturttissa
579 5295 617 5350 sic
633 5294 788 5365 inscripta:
803 5294 887 5350 Missa
900 5294 1043 5365 probiben-

221 5375 290 5431 dum
302 5373 337 5430 ub
350 5374 442 5426 saorra.
460 5373 515 5426 sed
530 5372 607 5423 deest
624 5366 764 5437 particula
778 5367 825 5429 ad,
838 5369 867 5420 et
889 5366 1042 5436 legendum

256 5498 315 5551 sta
339 5491 443 5551 Missali
468 5489 582 5547 Gothico
612 5489 662 5543 bac
681 5487 745 5568 ‘die‘
763 5485 913 5567 celebratur
945 5486 1042 5541 testum

149 5594 156 5603 ·
221 5568 406 5648 apostolorum
430 5561 525 5618 iacobi
541 5571 568 5615 et
592 5559 704 5614 lenonis
723 5558 817 5617 simul.
858 5559 922 5613 vida
950 5565 1043 5613 uotam

223 5633 659 5782 nahtrqtltqqngqtuqqqetiqqqnqog·
678 5704 759 5759 Suae.

261 5790 274 5829 0
288 5779 388 5839 &dem
402 5779 438 5837 de
448 5780 550 5832 nostru
564 5775 635 5833 Mus.
654 5770 861 5833 senatuum.

1099 4659 1166 4714 talis
1179 4659 1315 4730 cujusque
1329 4658 1453 4713 Hebraeis
1468 4658 1528 4713 lteri
1546 4660 1606 4730 lege
1617 4659 1738 4714 Mosaiea
1750 4657 1924 4728 praecipitur,

1097 4746 1161 4800 quae
1171 4732 1253 4802 juxta
1263 4728 1405 4783 rationem
1415 4730 1598 4801 allegoricam
1613 4728 1925 4784 Resurrectionisdiem

1098 4800 1250 4871 siguificat,
1267 4799 1295 4853 in
1312 4816 1367 4869 quo
1382 4800 1506 4869 perfecta
1521 4801 1575 4855 erit
1590 4801 1720 4855 omnium
1745 4799 1879 4853 vitiorum
1895 4803 1928 4854 et

1099 4871 1188 4926 animi
1214 4875 1344 4924 motuum
1371 4886 1404 4924 ae
1437 4870 1667 4941 pertubationum
1681 4868 1875 4933 mortificatio,
1891 4873 1927 4925 ut

1098 4945 1221 4997 testatur
1234 4945 1350 4995 sanetus
1365 4941 1547 5001 Athanasius,
1563 4957 1696 4997 sermone
1711 4942 1746 4995 de
1760 4941 1884 4995 Sabbata
1895 4944 1927 4996 et

1097 5011 1329 5068 Circumcisione.
1349 5015 1396 5063 Διὰ
1410 5020 1487 5064 τοῦτο
1502 5018 1546 5064 καὶ
1561 5012 1574 5064 ὁ
1594 5011 1642 5070 dori
1661 5014 1746 5097 r‘nplpa
1758 5015 1927 5086 περιτέμνεσ-

1100 5085 1144 5135 θαι
1156 5082 1283 5135 mittum
1298 5083 1311 5134 ὁ
1326 5101 1412 5154 uapor,
1428 5089 1473 5134 καὶ
1484 5033 1651 5158 demutari:
1663 5080 1694 5142 ἦν
1707 5068 1804 5145 artati,
1826 5086 1927 5154 σημαί-

1098 5173 1180 5206 νουσα
1188 5158 1235 5211 τὴν
1245 5156 1310 5224 μετὰ
1324 5158 1370 5210 τήν
1383 5150 1498 5225 ε’ὅδόμηυ
1508 5153 1676 5225 &umbracia
1698 5156 1807 5206 πάντων.
1822 5153 1851 5207 td
1866 5158 1926 5208 ast:

1098 5224 1163 5279 ideo
1177 5232 1277 5278 octavo
1288 5223 1333 5279 die
1348 5223 1512 5279 circumcidi
1526 5224 1699 5295 imperatum
1728 5223 1782 5278 luit
1808 5239 1824 5277 a
1849 5222 1926 5295 lege,

1099 5311 1190 5365 neque
1202 5295 1230 5348 id
1249 5310 1374 5365 uuquam
1391 5294 1552 5350 violabatur
1567 5297 1749 5357 mandatum,
1760 5292 1929 5363 significans

1098 5371 1163 5437 post
1177 5365 1331 5436 septimum
1346 5365 1422 5420 diem
1435 5367 1564 5422 omnium
1593 5366 1851 5440 regenerationem.
1884 5365 1930 5421 lta

1136 5486 1385 5541 dcireumersionis
1406 5485 1505 5543 testum
1531 5491 1640 5542 notatur
1658 5487 1686 5542 in
1712 5487 1795 5542 veteri
1822 5486 1930 5542 Lectio·

1100 5557 1177 5612 nario
1188 5559 1261 5629 apud
1273 5557 1388 5621 Mabrll„
1401 5558 1435 5611 da
1456 5558 1581 5631 Liturgia
1594 5557 1710 5625 Gallie,
1735 5557 1786 5614 lib.
1806 5571 1836 5622 u,
1854 5572 1924 5639 pag.

1104 5627 1156 5683 us
1170 5636 1198 5682 et
1212 5644 1272 5700 seq.
1286 5626 1358 5686 lbld.
1374 5629 1382 5681 l
1419 5628 1636 5685 iturDominica
1688 5636 1714 5685 st
1727 5626 1931 5684 Circumcisae-

1102 5712 1173 5780 nen.
1189 5698 1272 5783 Libro
1295 5716 1336 5765 m,
1364 5645 1457 5783 bites·
1470 5698 1498 5755 io
1513 5698 1615 5757 ldissali
1658 5698 1749 5755 otbioo
1763 5698 1876 5757 Missam
1889 5696 1931 5760 ln

1095 5770 1327 5833 assemanum
1340 5770 1457 5831 marm
1468 5770 1564 5833 suomi
1578 5770 1647 5832 tam
1659 5770 1781 5839 omem,
