4052 6186
2 219 29 287 ll
117 234 169 301 us

1 356 25 403 u

116 459 223 588 guoque
236 442 418 513 capisterium
442 460 470 497 iii
495 442 621 497 ecclesiae
650 458 777 513 ingressu
803 460 940 512 suspenso

4 514 28 589 'j
128 513 316 587 suspensumJ,
332 518 473 584 quatenus
488 523 516 569 et
532 512 678 584 presentis
700 518 728 566 et
742 514 863 569 secuturi
880 531 940 569 om·

117 602 161 641 nes
176 590 364 657 agnoscerent
376 586 543 641 Benedictus
557 601 626 655 puer
638 585 864 640 conversationis
877 603 940 658 gre·

7 658 15 681 ³'
117 657 153 712 tia
167 661 301 727 aquanta
316 656 489 739 perfectione
502 657 644 726 caepisset.
661 657 780 726 Moxque
794 656 863 712 inito
874 674 941 713 con-

1 718 31 749 '³
117 728 175 783 silio
190 744 407 783 venenumrino
422 728 560 783 miscuere
572 744 578 793 ;
588 743 644 798 quo
668 733 784 798 accepto
806 728 940 800 signavit,

116 799 207 870 sicque
222 797 400 854 contractum
416 805 468 865 est,
493 799 562 854 acsi
584 816 635 871 pro
655 798 736 870 signo
751 800 876 870 lapidem
893 802 940 856 de-

116 869 198 952 disset
213 872 289 926 Vere.
305 870 443 926 intellexit
463 870 592 941 protinus
607 870 649 952 vir
673 869 732 935 Dei,
757 871 825 942 quia
840 877 939 954 potum

6 974 37 1067 ἕξ
115 941 383 1085 qqutiqiqqqqerat,
409 943 486 1014 quod
498 958 556 997 nou
570 946 662 1012 potuit
688 946 803 1013 portare
826 959 940 1016 signum

1 1382 35 1435 ,f
115 1368 217 1424 arctius
228 1370 357 1427 amabat,
370 1373 465 1424 secuta
479 1373 531 1424 est.
547 1369 647 1424 Psalm.
667 1369 798 1437 Domine,
815 1369 878 1441 quis
893 1371 942 1426 ha·
997 1404 1003 1416 ·

3 1492 10 1513 ι,
112 1439 222 1495 bitabit.
241 1442 307 1495 Ant.
323 1439 464 1495 Praedicta
479 1440 573 1495 nutrix
598 1440 683 1505 illius,
707 1442 743 1524 ad
759 1442 940 1524 purgandum

18 4990 25 5013 ι
133 4934 178 4995 ret,
192 4939 267 4990 seito

369 1119 525 1175 Inserenda
537 1125 677 1176 emicem.

147 1225 264 1297 datipb.
287 1224 337 1281 llic
352 1224 448 1297 itaque
471 1243 536 1282 cum
552 1227 627 1297 jam,
643 1225 750 1281 relictis
777 1226 939 1283 litterarum

117 1297 222 1362 studiis,
235 1302 331 1368 petere
341 1298 454 1352 deserta
463 1298 643 1367 decrevisset,
668 1298 763 1353 nutriri
786 1315 850 1369 quae
865 1299 941 1355 huuc

113 1511 269 1566 triticuma
290 1509 389 1566 vicinis
415 1510 582 1567 mulieribus
602 1516 733 1582 praestari
746 1513 799 1568 sibi
823 1513 941 1584 capiste-

114 1582 184 1638 rium
201 1582 295 1653 petiit,
333 1583 387 1636 uod
400 1599 466 1637 casu
487 1583 615 1639 accidere
631 1584 705 1654 [Dete
720 1583 860 1659 accidere]
872 1600 940 1640 cou-

111 1652 301 1710 imctumcst.
341 1653 390 1708 ml.
402 1654 610 1710 Conservame.
627 1655 695 1711 ‚lat
709 1654 777 1711 Com
801 1672 941 1711 assusnu-

111 1724 173 1781 trici
190 1724 359 1781 Orationem
368 1717 621 1781 deditBenedietus
633 1742 701 1796 puer
714 1673 797 1782 cumi

108 1796 298 1869 capisterium
325 1797 477 1867 reparavit.
501 1796 604 1852 Psatm.
622 1797 753 1858 Domine.
769 1798 797 1853 in
820 1798 936 1856 virtute.

106 1867 175 1923 Aet.
193 1869 363 1924 Benedictus
378 1868 426 1923 Dei
444 1868 727 1931 tumulusmairuum
740 1869 806 1925 iecit
822 1869 941 1925 miracu·

106 1937 189 2005 lum;
222 1939 938 2012 recesluditudDominum,rejunxitcapisterium.

109 2010 183 2066 reat.
200 1955 319 2065 itumini
330 2015 374 2066 est
385 2014 474 2066 terra.
490 2013 560 2067 Ant.
576 2011 628 2075 Oui
640 2014 708 2066 dum
724 2028 853 2067 eremum
868 2017 941 2084 pete·

109 2086 195 2147 teret,
206 2083 371 2137 liemarum
384 2081 735 2156 [Romanus]monacbum
747 2084 881 2148 obviavit,
896 2100 943 2139 cu·

1 2209 3 2214 ,
105 2155 152 2227 jus
169 2169 238 2208 euni
255 2153 429 2209 desiderium
442 2154 630 2224 cognovisset,
646 2159 674 2210 et
687 2159 826 2210 secretum
840 2156 939 2219 tenuit,

108 2229 135 2281 et
155 2224 340 2297 adjutorium
353 2224 503 2294 impendit.
525 2225 629 2282 Paulm.
662 2225 739 2281 Beati
753 2242 876 2297 quorum
899 2243 942 2283 re·

24 2314 29 2363 i,
107 2295 219 2377 misse,
242 2297 315 2351 Vere.
333 2297 460 2378 Cumque
473 2296 502 2350 in
521 2313 600 2379 spem
615 2296 722 2380 positus
749 2297 878 2353 submitti
894 2315 941 2369 pa·

21 2384 22 2389 ¹
108 2384 180 2423 uem
191 2367 325 2422 diabolus
335 2372 521 2437 conspiceret,
528 2368 794 2440 Jactavitlapidem,
809 2374 837 2424 et
845 2368 943 2424 tintin-

21 2442 26 2461 '
108 2438 253 2494 nabulum
270 2438 364 2509 fregit,
379 2437 459 2509 Resp.
476 2438 645 2495 Convocatis
672 2439 828 2510 discipulis.
841 2441 942 2496 beatus

109 2509 286 2565 Benedictus
321 2508 390 2564 dixit
414 2530 420 2569 ;
446 2509 613 2567 llisereatur
639 2511 719 2566 vobis
752 2511 942 2583 sempiternus

23 2636 24 2639 ,
112 2579 518 2663 Deus3nunquiduonprius
542 2580 599 2637 diiii
628 2583 717 2645 vobis,
751 2581 799 2637 uie
814 2583 885 2638 meis
909 2599 942 2638 ac

113 2652 218 2708 restris
231 2654 359 2707 moribus
373 2652 492 2708 minime
521 2651 714 2709 conveniret?
762 2670 817 2711 ers.
844 2654 942 2725 ltaque

113 2724 197 2849 irum
210 2740 304 2779 mores
319 2728 427 2778 vestros
439 2724 518 2779 vobis
532 2729 642 2794 patrem
667 2725 795 2795 quarite,
807 2725 874 2796 quia
897 2743 942 2781 me

138 2796 223 2851 abere
240 2794 359 2850 minime
373 2795 490 2866 potestis
514 2796 659 2866 Nunquid.
675 2796 753 2866 Resp.
766 2796 887 2862 Quidam
898 2814 941 2852 ru·

119 2865 204 2921 sticus
218 2866 344 2922 defuncti
368 2883 470 2936 corpus
485 2866 534 2921 lilii
551 2867 580 2922 in
601 2866 675 2922 ulnis
692 2867 795 2932 ferens,
811 2869 943 2924 orbitatis

119 2935 194 2992 luctu
207 2942 331 2993 aestuans
352 2939 389 2992 ed
408 2938 610 2993 monesterium
637 2938 727 2995 venit.
759 2940 942 2996 Benedictuiu

121 3007 231 3064 Patrem
255 3008 396 3079 quesivit.
413 3010 475 3064 bloi
492 3014 523 3063 ut
547 3009 667 3079 aspexit,
692 3011 818 3067 clamare
832 3012 940 3083 coepit:

122 3079 312 3135 lieddelllium
329 3096 436 3143 meum,
455 3080 543 3137 redde
558 3080 647 3136 lilium
662 3097 770 3136 meum.
804 3082 984 3160 Varavirc
1039 3117 1116 3171 Vm

124 3154 215 3207 eutem
228 3150 341 3207 Domini
355 3151 382 3206 iu
401 3151 454 3207 hac
465 3168 532 3207 voce
545 3152 671 3206 substitit
684 3152 781 3209 dicens
793 3171 799 3209 ε
809 3154 943 3224 Nunquid

124 3235 175 3293 ego
189 3221 274 3277 tilium
285 3227 366 3278 tuum
383 3222 486 3278 abstuli
497 3225 511 3277 ‘t
527 3223 570 3277 eui
584 3222 630 3279 ille
641 3224 786 3294 respondit
799 3243 804 3274 ι
817 3227 943 3280 Mortuus

25 3312 30 3321 ·
125 3296 178 3359 est,
191 3294 251 3348 veni
265 3294 403 3351 resuscita
418 3310 493 3349 eum.
509 3295 616 3349 Redde.
633 3296 715 3364 Reip.
737 3296 869 3363 Domine,
886 3313 941 3351 non

14 3398 17 3402 Δ
125 3363 252 3433 respicies
267 3371 383 3437 peecata
394 3381 469 3430 mea,
483 3366 533 3419 sad
548 3365 635 3420 fidem
649 3366 734 3438 buJ'us
748 3366 883 3432 hominis,
895 3367 943 3438 qui

26 3466 32 3481 ·
124 3440 205 3505 rogat
217 3437 377 3493 resuscitari
390 3435 479 3491 livium
489 3453 570 3492 auum
582 3453 589 3502 ;
601 3441 629 3492 et
639 3438 727 3492 redde
742 3437 770 3493 in
781 3437 835 3493 boc
844 3455 943 3510 corpu·

27 3520 35 3547 e
125 3506 200 3561 scula
211 3508 337 3563 animam
345 3524 434 3579 quam
443 3507 542 3563 tulisti.
553 3509 737 3579 Etcompleta
752 3508 888 3564 Oratione
902 3526 945 3565 ra-

28 3596 32 3605 ·
126 3575 201 3641 vixit,
215 3583 355 3634 etsauum
377 3579 501 3635 reddidit
515 3578 588 3649 patri
610 3596 671 3635 suo.
698 3581 771 3636 lars.
791 3581 825 3635 Et
850 3596 945 3652 regre-

29 3668 37 3709 :
127 3648 217 3705 diente
226 3650 323 3706 anima
336 3652 376 3705 ita
388 3651 588 3720 corpusculum
608 3666 693 3706 omne
717 3652 900 3713 contremuit.
917 3654 945 3707 et

128 3720 272 3777 subuculis
285 3721 417 3777 omnium
437 3721 484 3792 qui
512 3723 634 3777 aderant
647 3722 726 3777 vivus
752 3723 893 3792 apparuit.
912 3725 945 3778 Et

33 3800 38 3811 “
128 3792 269 3849 sanumli
321 3838 327 3848 .
345 3794 430 3848 l’eter
442 3795 557 3848 sauctus
567 3792 785 3848 dumiuteutam
795 3793 944 3849 oculorum

31 3858 40 3925 ζ
128 3861 212 3917 aciem
224 3863 249 3918 in
261 3881 293 3935 sp
305 3865 412 3920 emtore
433 3880 557 3920 corusce
580 3863 650 3918 lucis
664 3864 769 3920 habere
790 3865 944 3929 videretur,

32 3930 41 3961 '·
129 3932 194 3988 vidit
206 3934 338 3990 Germani
360 3935 488 3990 animam
511 3934 638 4004 Capuani
651 3936 774 4007 episcopi
791 3935 819 3990 in
834 3937 945 4007 splirera

128 4001 206 4074 ignes
218 4008 252 4061 ab
263 4006 411 4078 angelisin
424 4006 527 4062 ovetum
542 4005 657 4061 deterri.
677 4005 753 4062 Vera.
770 4008 945 4078 Factumque

127 4077 497 4142 est,utreverendissimum
519 4077 694 4133 Germanum
718 4078 742 4133 is
767 4079 815 4149 qui
842 4079 945 4134 missus

128 4144 216 4203 luerat
234 4149 401 4205 defunctum
417 4148 532 4219 reperit.
552 4148 620 4220 Resp
652 4150 759 4204 Eodem
785 4166 850 4204 vero
868 4166 945 4205 anuo

35 4274 42 4297 Ι
129 4220 198 4286 quod
211 4221 286 4302 [quo]
298 4222 332 4275 de
346 4221 400 4276 bue
413 4219 470 4275 vita
482 4222 546 4275 erat
557 4218 694 4286 exiturus,
705 4220 881 4344 quibusdam
905 4221 945 4275 di-

130 4288 233 4359 scipulis
241 4308 334 4347 secum
346 4291 593 4353 conrersantibus,
602 4291 703 4362 quibus
725 4308 773 4345 am
784 4292 868 4363 louge
885 4308 944 4346 ma·

18 4374 23 4430 ᾗ
130 4362 432 4423 uentibussapctissimi
457 4362 501 4417 sui
527 4362 619 4417 obitus
647 4362 827 4417 denuntiavit
850 4363 941 4420 diem.

37 4450 42 4465 ·
133 4430 330 4514 leralSuppte
346 4432 703 4517 praesentibus‘iudicans]
719 4435 753 4490 Ut
768 4434 881 4516 audita¹
896 4450 946 4517 per
964 4460 985 4519 D

37 4516 42 4537 ¹
131 4500 262 4561 silentium
282 4510 420 4575 tegerent,
437 4506 603 4560 absentibus
616 4507 744 4561 indicens
754 4505 843 4576 quale
857 4523 898 4561 eis
909 4523 945 4560 si·

133 4576 755 4649 gnumfieretquunduejusanimadecorpore
766 4576 856 4632 exiret
874 4578 944 4633 Sau-

29 4652 40 4715 ,“
133 4643 247 4703 ctissimi.
259 4649 338 4720 liesp.
349 4650 542 4705 Antesestum
554 4664 619 4703 vero
630 4648 673 4703 sui
684 4647 775 4703 exitus
788 4646 865 4703 diem
881 4665 946 4720 ape-

29 4718 36 4733 ·
133 4715 182 4773 rire
192 4720 362 4791 sepulturam
377 4719 466 4800 812
479 4719 642 4843 sibilqubeu
655 4720 702 4790 qui
720 4736 785 4775 mox
799 4725 946 4790 correptus

134 4783 247 4846 lebribus
256 4792 313 4847 aeri
323 4795 410 4862 coepit
423 4794 522 4848 dolore
546 4790 648 4861 atigari
661 4807 748 4861 usque
761 4791 797 4849 ud
809 4796 944 4847 mortem.

138 4855 202 4915 Vera
214 4861 338 4988 Cumque
353 4878 403 4933 per
420 4861 548 4933 singulos
560 4862 620 4917 dies
633 4861 754 4929 languor
766 4861 944 4934 ingravesce-

300 4934 446 5004 ieportari
471 4950 501 4988 se
528 4933 556 4987 iu
576 4933 735 4988 oratorium
761 4949 777 4987 a
802 4933 945 5004 discipulis

134 4999 200 5059 iecit.
214 5006 264 5070 Oui
281 5022 358 5060 maii.
379 5009 453 5075 ttesp.
470 5005 689 5075 Seitonsmque
702 5004 860 5074 disportari
873 5021 902 5060 se
915 5003 943 5059 iu

133 5076 276 5131 oratorium
291 5075 463 5144 adiscipulis
474 5076 549 5133 iecit.
566 5075 660 5145 ibique
676 5075 782 5129 exitum
797 5092 879 5129 suum
896 5077 946 5130 do-

132 5144 231 5203 minicis
244 5145 432 5203 sacramentis
443 5146 574 5211 munivit,
590 5152 675 5228 atque
696 5146 771 5201 iuter
792 5146 943 5216 discipulo·

132 5229 185 5272 mm
199 5219 330 5275 munibus
357 5218 473 5292 [manus
509 5217 655 5287 expiravit.
689 5218 766 5274 Vera.
795 5218 944 5273 Erectisiu

132 5289 219 5345 celum
231 5289 363 5346 manibus
378 5289 445 5345 lecit
476 5289 577 5360 stetit].
599 5294 627 5345 et
653 5288 787 5343 ultimum
812 5288 944 5359 spiritum

131 5356 291 5418 interverba
311 5359 455 5417 Orationis
477 5359 596 5416 efflavit.
622 5362 726 5430 Atque.
755 5361 834 5441 lie-sp.
853 5359 944 5415 Hodie

130 5437 232 5488 sauctus
244 5432 410 5490 Benedictus
425 5448 475 5503 per
498 5431 573 5487 riam
591 5430 714 5486 Orientis
728 5435 875 5485 tramitem
903 5431 942 5486 ii-

130 5500 248 5560 dentibus
263 5503 522 5575 discipuliscoelum
537 5503 669 5564 tetendit,
684 5508 713 5557 et
731 5503 767 5555 ab
782 5502 892 5574 angelis
914 5500 943 5557 in

129 5573 207 5654 gloria
221 5580 403 5646 suscepturus
424 5580 467 5630 est
492 5575 648 5644 [susceptus
667 5573 732 5643 est].
766 5574 838 5627 Vera.
867 5574 945 5628 l’uiic

130 5650 211 5717 itique
225 5647 316 5703 sancti
341 5646 393 5701 viri
413 5646 524 5700 obitum
544 5645 617 5700 sicut
639 5648 793 5715 praesentes
812 5644 941 5715 discipuli

130 5716 256 5775 videraut.
271 5719 312 5775 ita
325 5720 459 5774 absentes
482 5717 536 5772 liuc
559 5716 672 5788 siguum
697 5716 773 5787 quod
788 5716 829 5771 eis
846 5716 943 5785 praedi·

796 1727 939 1798 acrymis3
959 1738 981 1798 Β

781 236 889 301 usna
907 208 1153 305 aasmvsiuis
1297 180 1308 195 ⁹
1764 242 1820 307 rai

26 434 30 447 Ι
116 370 189 429 dedit
200 387 207 436 ;
217 374 245 427 et
255 368 280 425 ei
291 384 394 426 sanum
405 367 585 455 capisterium
593 366 745 451 reparavit.
757 369 830 442 Besp.
842 372 937 442 Ipsum
956 375 980 435 Α
994 379 1037 428 est
1052 376 1117 443 post
1131 370 1240 427 obitum
1252 370 1423 429 sanctissimi
1434 370 1495 437 viri,
1506 371 1610 432 mulier
1624 376 1721 433 mente
1738 380 1822 448 capta

996 443 1119 499 venitad
1133 460 1247 513 specum
1263 448 1334 511 ejus,
1359 445 1526 515 etingressa
1541 447 1646 501 mansit
1669 447 1697 502 iii
1725 465 1770 515 eo,
1794 452 1823 504 et

994 532 1066 570 sana
1083 514 1156 568 iacta
1173 520 1216 569 est
1228 530 1262 570 es
1277 515 1325 569 illa
1337 515 1418 573 hora.
1448 518 1522 572 Veis.
1548 519 1580 572 ui
1602 519 1630 572 iu
1643 535 1677 573 ea
1698 521 1822 576 sanitate

1016 603 1081 641 uam
1094 592 1241 655 acceperat
1255 587 1412 656 permansit
1422 588 1554 643 omnibus
1563 589 1662 644 diebus
1672 590 1739 645 ritae
1752 607 1821 647 suus.

1024 674 1075 712 ers.
1089 656 1140 712 Via
1156 662 1232 711 recta
1245 657 1369 712 Orientis
1383 659 1498 714 tramite
1512 661 1546 713 ab
1558 661 1619 732 ejus
1630 661 1701 716 cella
1717 662 1754 715 ad
1766 678 1820 716 cte-

995 727 1054 783 lum
1069 744 1156 798 usque
1170 729 1350 791 trudebatur,
1367 729 1409 784 cui
1431 732 1591 786 venerando
1607 731 1704 786 habitu
1721 732 1764 787 vir
1776 734 1823 788 de-

994 816 1078 870 super
1091 801 1184 855 claras
1195 799 1340 863 assistens,
1357 800 1401 855 cui
1417 807 1491 856 esset
1503 802 1547 855 via
1560 819 1646 873 quam
1673 807 1823 859 cernerent

995 871 1139 943 discipulis
1159 870 1327 942 inquisivit;
1351 872 1403 942 ipsi
1432 888 1500 927 vero
1515 873 1624 928 nescire
1649 890 1679 930 se
1702 875 1821 945 professi

994 946 1071 998 suut.

1145 1030 1309 1102 ,deceptoriae
1319 1032 1348 1087 in
1363 1033 1507 1087 mutiitiuis
1520 1033 1669 1089 Laudibus.
1761 1008 1768 1019 ⁸

1028 1120 1142 1191 Antiph.
1157 1120 1332 1190 Intempesta
1343 1126 1426 1177 nocte
1435 1122 1529 1177 oravit
1541 1123 1721 1178 benedictus,
1734 1122 1824 1194 [Adji-

995 1192 1120 1246 ciendum
1137 1193 1207 1264 [orte
1223 1192 1301 1263 uidit]
1317 1193 1421 1248 Fusaru
1444 1192 1537 1249 lucem
1562 1195 1682 1265 desuper
1705 1200 1823 1250 cunctas

996 1262 1087 1318 noctis
1099 1265 1231 1319 tenebras
1246 1263 1386 1335 effugasse
1410 1268 1546 1336 tantoque
1563 1266 1715 1337 splendore
1734 1266 1821 1321 clare·

995 1351 1084 1401 scere,
1101 1337 1132 1388 ut
1144 1334 1220 1389 diem
1232 1335 1357 1390 vinceret
1368 1335 1416 1390 lux
1429 1335 1488 1390 illa.
1505 1339 1574 1391 Aut.
1590 1336 1823 1408 Sicutdiscipulis

995 1422 1055 1475 ipse
1066 1404 1218 1475 referebat,
1233 1405 1315 1476 quasi
1327 1407 1379 1461 sub
1391 1423 1447 1461 uuo
1460 1407 1527 1462 solis
1539 1409 1620 1463 radio
1633 1409 1728 1464 omnis
1740 1424 1824 1463 mun-

995 1479 1048 1532 dus
1062 1475 1198 1531 collectus
1207 1483 1274 1531 ante
1284 1478 1347 1549 ejus
1357 1478 1454 1532 oculos
1463 1484 1607 1534 momento
1619 1481 1758 1535 adductus
1768 1482 1822 1534 est.

995 1551 1062 1602 Aut.
1078 1547 1184 1603 Orabat
1194 1553 1308 1603 sanctus
1323 1548 1507 1603 Benedictus:
1522 1551 1651 1612 Domine,
1673 1566 1729 1604 nun
1751 1550 1824 1621 aspi·

996 1618 1053 1675 cias
1068 1623 1183 1689 peccata
1196 1635 1270 1681 mea,
1288 1620 1337 1674 sed
1352 1619 1438 1674 iidem
1456 1619 1541 1692 hujus
1556 1620 1692 1686 bominis,
1707 1621 1754 1692 qui
1779 1637 1824 1676 ro·

995 1694 1045 1761 get
1054 1689 1218 1745 resuscitari
1234 1690 1324 1745 tilium
1342 1706 1436 1745 suum.
1455 1692 1488 1745 Et
1498 1693 1549 1747 sub
1576 1692 1664 1747 oculis
1692 1691 1823 1747 omnium

997 1761 1138 1817 viventem
1167 1778 1285 1830 puerum
1310 1761 1434 1817 reddidit
1460 1764 1533 1833 patri
1559 1769 1699 1818 sunam.
1726 1765 1825 1820 Frater

996 1833 1102 1896 blaure,
1117 1848 1197 1887 curre
1213 1832 1354 1900 velociter,
1370 1833 1435 1902 quia
1452 1850 1521 1903 puer
1533 1834 1662 1889 Placidus
1686 1835 1714 1889 in
1737 1851 1824 1891 amne

995 1902 1274 1976 ilumeulltedaadat
1298 1904 1417 1974 flumen]
1446 1905 1589 1975 mergitur.
1611 1907 1678 1960 Aut.
1692 1906 1823 1975 Dumque

995 1991 1080 2045 super
1096 1976 1187 2029 undas
1200 1973 1329 2028 Placidus
1345 1975 1514 2036 traheretur.
1527 1977 1642 2031 lllaurus
1656 1977 1782 2031 occurrit
1793 1977 1824 2032 iu

996 2046 1099 2101 mediis
1129 2046 1270 2101 lluctibus.
1298 2047 1415 2101 ltmerso
1437 2047 1508 2116 pede
1532 2063 1650 2116 puerum
1680 2047 1820 2103 liberavit.

995 2117 1062 2172 Ant.
1088 2118 1268 2188 lntempestae
1283 2116 1373 2172 noctis
1398 2121 1499 2172 cuncta
1517 2118 1569 2172 sub
1593 2118 1718 2183 silentiu,
1741 2119 1823 2189 quasi

995 2188 1047 2243 sub
1062 2187 1130 2243 solis
1145 2187 1225 2243 radio
1240 2204 1356 2243 omnem
1372 2189 1512 2243 muudum
1523 2189 1679 2258 conspexit.
1694 2190 1761 2244 Ant.
1772 2190 1822 2245 Be·

996 2259 1125 2315 nedictus
1138 2259 1186 2315 Dei
1198 2258 1323 2315 tumulus
1333 2275 1383 2330 per
1395 2259 1516 2329 Spiritus
1526 2261 1617 2315 sanati
1628 2260 1744 2333 indagia
1751 2277 1823 2334 prae·

995 2347 1168 2404 cognoscens
1178 2347 1242 2403 quoe
1258 2336 1375 2387 ventura
1390 2336 1456 2386 suut
1470 2332 1579 2387 omnia.

1305 2421 1339 2475 Iu
1352 2420 1514 2493 Evangelio.

1032 2510 1147 2582 Auti’pti.
1165 2509 1254 2565 Hodie
1268 2513 1383 2567 sanctus
1398 2509 1564 2564 Benedictus
1575 2526 1625 2581 per
1640 2510 1715 2565 iiam
1728 2510 1827 2565 Orien·

997 2581 1033 2636 tis
1048 2581 1194 2636 tramitem
1204 2579 1293 2654 [recto
1308 2581 1436 2649 tramite]
1452 2580 1613 2636 videntibus
1620 2581 1764 2651 discipulis
1773 2597 1828 2637 coe·

996 2652 1058 2707 lum
1067 2652 1188 2709 tetendit
1204 2652 1305 2719 ;hodie
1316 2651 1416 2707 erectis
1429 2652 1562 2708 manibus
1572 2652 1741 2708 interverba
1756 2653 1827 2708 Ores

997 2724 1083 2779 tionis
1099 2724 1243 2793 migravit.
1261 2723 1351 2778 Hodie
1366 2722 1394 2777 iu
1405 2723 1496 2793 gloria
1510 2724 1545 2778 ab
1560 2723 1670 2794 angelis
1684 2728 1829 2794 susceptu·

997 2800 1051 2850 est.
1065 2795 1132 2849 Ant.
1147 2793 1379 2852 sanctimonialis
1389 2799 1485 2849 autem
1495 2794 1732 2859 festinaremus
1751 2795 1827 2849 antis

998 2867 1084 2923 verba
1096 2867 1232 2992 audpsset,
1249 2865 1410 2921 orationem
1426 2865 1511 2931 iudit,
1521 2870 1550 2921 et
1560 2866 1710 2922 inundatio
1720 2812 1828 2937 pieria·

996 2955 1062 2993 rum
1072 2954 1150 3009 erupi
1168 2980 1174 2992 .

1103 3028 1136 3081 lii
1150 3026 1248 3098 cipitia
1261 3026 1351 3080 suncti
1365 3025 1509 3081 Laurentii
1518 3025 1554 3080 ed
1574 3025 1717 3096 Vesperas.

1132 3116 1243 3170 lustum
1259 3114 1376 3170 deduxit
1395 3115 1544 3170 Dominus.
1555 3115 1624 3171 Ανιι.
1636 3116 1739 3169 Beatus
1755 3114 1824 3169 Lau·

997 3187 1106 3244 rentius
1121 3203 1185 3243 cuin
1199 3186 1226 3241 iii
1238 3186 1376 3241 craticula
1390 3202 1476 3269 supra
1503 3188 1612 3257 positus
1634 3191 1771 3249 ureretur,
1788 3185 1825 3240 ad

998 3257 1202 3329 impiissimum
1229 3262 1383 3329 tyrannum
1408 3258 1504 3313 dixit:
1529 3259 1663 3313 Assatum
1687 3260 1729 3312 est
1751 3256 1825 3328 jam,

998 3346 1080 3386 versa
1093 3334 1121 3385 et
1135 3330 1277 3383 manduca
1288 3347 1293 3396 ;
1305 3345 1373 3383 nam
1389 3328 1540 3383 facultates
1556 3327 1687 3385 Ecclesiae
1699 3344 1770 3399 quas
1784 3344 1827 3383 re·

998 3400 1098 3473 quiris,
1114 3399 1143 3454 in
1160 3399 1321 3456 caelestibus
1336 3399 1478 3455 thesauris
1494 3416 1599 3455 manus
1611 3415 1770 3472 pauperum
1780 3400 1827 3455 de·

998 3474 1193 3545 portaverunt.
1569 3492 1574 3499 =

1282 3558 1540 3614 Adiuvitatorium.

1033 3648 1150 3718 Antipli.
1166 3648 1273 3718 Regem
1283 3651 1443 3717 martyrum
1459 3646 1614 3703 Dominum
1626 3646 1719 3702 venite
1730 3646 1828 3701 adore-

1000 3738 1073 3776 mus.
1089 3720 1156 3774 Ant.
1173 3720 1235 3784 Ouo
1252 3718 1432 3789 progrederis
1446 3718 1507 3774 sine
1536 3718 1603 3784 tilio,
1632 3717 1733 3788 pater?
1754 3716 1825 3782 Quo,

999 3793 1131 3848 sacerdos
1143 3795 1250 3850 sancte.
1265 3789 1326 3845 siue
1341 3789 1473 3844 ministro
1490 3804 1624 3860 properas
1636 3786 1650 3843 i
1660 3789 1738 3845 Paci.
1758 3790 1827 3843 Dea·

1000 3869 1044 3919 tus
1052 3864 1104 3918 vir.
1125 3862 1198 3917 νινε.
1215 3864 1319 3917 Beatus
1334 3860 1502 3916 Laurentius
1512 3860 1594 3917 dixit.
1613 3860 1680 3915 Aac.
1695 3860 1757 3914 Noli
1779 3875 1827 3914 me

999 3934 1206 4004 derelinquere,
1222 3936 1303 4004 puter
1314 3936 1422 3997 sancte,
1434 3932 1501 4014 quia
1515 3932 1663 3987 thesauros
1676 3936 1739 3986 tuos
1762 3931 1826 4002 jam

999 4007 1216 4078 expendi,quos
1243 4003 1385 4059 tradidisti
1408 4001 1489 4058 mibi.
1517 4002 1590 4057 Paul.
1616 4004 1710 4067 Quare
1735 4001 1825 4081 813

1001 4079 1187 4134 fremuerunt.
1206 4076 1281 4131 Veri.
1290 4074 1362 4140 Ouid
1374 4075 1402 4130 in
1413 4090 1460 4130 me
1470 4091 1538 4145 ergo
1550 4073 1694 4144 displicuit
1704 4079 1828 4143 paterui-

999 4150 1051 4205 tati
1068 4154 1122 4203 ture
1135 4147 1226 4205 tuat.
1242 4145 1304 4200 Non
1319 4162 1372 4216 ego
1387 4151 1414 4201 te
1429 4147 1539 4209 desero,
1556 4145 1606 4209 lili,
1633 4160 1724 4225 neque
1748 4146 1827 4198 dere-

1000 4221 1108 4291 linquo,
1122 4220 1172 4275 aed
1183 4218 1296 4291 majore
1311 4217 1361 4271 tibi
1375 4218 1516 4273 debentur
1524 4232 1574 4287 pro
1586 4216 1689 4271 Christi
1700 4215 1757 4270 iide
1770 4230 1828 4269 cer·

999 4291 1121 4346 tamine.
1136 4291 1241 4345 l’satviv.
1259 4288 1389 4353 Domine,
1406 4288 1472 4357 quid
1486 4287 1596 4359 multip.
1627 4288 1700 4343 Vera.
1725 4288 1828 4342 Beatus

1002 4362 1094 4419 Sixtus
1108 4359 1186 4416 dixit.
1211 4363 1275 4416 νινε
1300 4357 1396 4415 Gloria
1408 4363 1437 4414 et
1449 4359 1567 4414 honore.

1036 4431 1220 4497 ueaiionsor'a
1238 4431 1415 4502 uadesupru.

1036 4507 1121 4570 Resp.
1140 4502 1235 4558 Levita
1254 4502 1420 4557 Laurentius
1434 4502 1540 4557 bonum
1551 4517 1621 4571 opus
1632 4502 1826 4570 operatusesl,

1020 4577 1046 4632 ui
1059 4573 1142 4648 persi
1165 4591 1231 4629 num
1243 4570 1609 4629 cruciscoecosilluminarit
1620 4592 1626 4633 ;
1638 4576 1667 4625 et
1679 4571 1828 4627 thesauros

1000 4594 1131 4703 iicelesioe
1143 4593 1222 4701 dedii
1233 4644 1413 4716 pauperibus.
1435 4643 1510 4699 Vere.
1523 4642 1659 4713 Dispersit
1668 4642 1747 4696 dedit
1760 4659 1829 4724 pau·

1000 4717 1252 4846 titillaret
1265 4717 1440 4842 ilidii}
1454 4713 1654 4840 bibile
1671 4711 1829 4854 tilieti

1000 4878 1062 4915 sum
1075 4868 1179 4926 tecum,
1197 4805 1265 4913 diiii
1279 4858 1416 4912 Dominus
1433 4855 1475 4921 ;si
1489 4855 1637 4912 transieris
1654 4826 1703 4926 per
1717 4855 1825 4927 iguem,

1000 4932 1119 4987 ilamma
1131 4947 1189 4985 non
1205 4930 1363 4994 nocebitte,
1376 4933 1403 4982 et
1418 4927 1490 4981 udor
1501 4927 1575 4999 ignis
1586 4944 1643 4981 non
1659 4926 1713 4982 erit
1724 4925 1752 4980 iu
1781 4930 1820 4981 te.

1006 5003 1080 5057 Vera.
1097 5003 1189 5056 Donec
1202 5017 1305 5070 ponam
1319 4997 1451 5054 inimicos
1471 5002 1547 5062 tuos,
1566 5005 1702 5067 utsupra.
1735 4998 1821 5067 Hesp.

1001 5074 1183 5129 Strinierunt
1197 5071 1323 5153 corporis
1337 5071 1467 5125 membra
1495 5069 1605 5124 ositain
1615 5067 1762 5123 craticula.
1774 5068 1826 5122 Su·

1000 5143 1132 5216 perjectis
1141 5143 1239 5214 prunis
1250 5141 1460 5197 insultatlevitu
1470 5086 1583 5200 ibristi.
1597 5142 1681 5195 Beate
1693 5137 1826 5195 Laurenti

1000 5221 1111 5287 martyr
1123 5213 1236 5274 Christi,
1251 5214 1395 5269 intercede
1423 5230 1473 5282 pro
1496 5213 1588 5266 nobis.
1617 5212 1694 5266 Vera.
1710 5209 1759 5265 ilic
1784 5213 1852 5265 est-

1000 5287 1042 5342 vir
1056 5286 1103 5358 qui
1114 5302 1169 5341 non
1179 5290 1222 5340 est
1235 5284 1414 5341 derelictusa
1428 5284 1550 5338 Domino
1563 5283 1591 5338 iu
1602 5282 1647 5337 die
1662 5280 1826 5337 certaminis

999 5358 1052 5414 sui.
1068 5360 1163 5413 Beate.
1186 5357 1261 5411 Vera.
1281 5355 1435 5412 Carnifices
1449 5371 1516 5411 vero
1541 5353 1744 5409 ministrabant
1767 5366 1826 5406 car·

998 5431 1087 5485 bones
1101 5429 1198 5484 subter
1210 5432 1318 5482 cratem
1333 5427 1451 5482 iescam.
1468 5427 1547 5496 Resp.
1571 5426 1632 5490 Ouo
1646 5420 1825 5505 progrederis

998 5502 1060 5557 sine
1071 5500 1140 5565 iilia,
1159 5496 1263 5555 Pater?
1275 5515 1342 5569 quo,
1354 5499 1486 5554 sacerdos
1502 5501 1609 5559 sancte,
1630 5510 1690 5549 sine
1703 5494 1824 5572 diacono

1000 5570 1195 5643 properasitu
1213 5587 1359 5641 nunquam
1376 5568 1436 5624 sine
1451 5567 1582 5622 ministro
1598 5563 1767 5644 sacrificium
1784 5561 1825 5645 oi·
1906 5614 1912 5623 ,

1000 5644 1074 5700 ferre
1088 5659 1286 5699 consueveras.
1302 5643 1372 5696 l'ers.
1390 5638 1463 5705 Ouid
1477 5639 1504 5692 in
1525 5654 1572 5692 me
1586 5652 1653 5708 ergo
1681 5633 1825 5715 displicuit

997 5713 1163 5788 paternitati
1175 5712 1251 5770 turci
1260 5714 1284 5768 N
1287 5711 1395 5783 enquid
1403 5714 1572 5783 degenerem
1580 5708 1706 5779 probasti
1715 5703 1728 5759 t
1737 5705 1825 5774 Expe-

130 5792 194 5863 cluin
216 5790 312 5849 iuerat
334 5793 522 5863 agnoverunt.
539 5787 715 5846 videntibus.
728 5787 807 5861 Besp.
824 5787 944 5845 Factum
997 5788 1138 5845 rireeerte
1149 5790 1245 5843 utrum
1261 5782 1417 5857 [idoneum]
1445 5778 1610 5837 ministrum
1624 5776 1755 5853 elegeris,
1778 5776 1824 5835 cui
