4022 6174
5 9 325 149 1-

73 280 127 346 tte

410 326 419 340 .
459 282 497 350 tn
518 288 549 351 s.
572 284 750 352 anaaonu
771 286 907 351 assem
927 283 1261 385 ssansnsnronun
1283 256 1402 355 nora.

1715 290 1774 356 tte

72 414 248 472 vitiationem
276 421 407 489 spectant
419 419 522 474 eadem
537 419 609 475 feria
633 420 839 476 describantur.
863 421 898 477 nt
914 421 1105 492 Apreeamar.
1120 426 1184 487 etc..
1202 427 1233 478 ut
1244 422 1274 478 ia
1288 421 1445 479 Pontificali
1461 423 1602 479 Romano.
1626 423 1656 479 ln
1670 425 1777 483 Ordine

72 492 265 544 notumestex
277 488 563 560 epistolalnnocentii
576 492 585 546 Ι
600 506 722 562 papaean
731 492 897 547 Decentium

74 559 251 630 Engnhinum
263 560 447 631 episcopum:
463 563 501 618 De
522 562 712 633 postremitas
734 570 833 626 antem,
850 565 898 635 qai

71 631 123 684 sice
135 646 172 684 es
192 631 366 701 pravioribus
379 633 534 701 commissis,
547 634 642 690 sioecn
656 634 800 689 leuioribus
815 637 898 703 pani·

72 702 185 756 tentiam
199 710 297 772 perant
310 705 347 771 (si
356 703 433 759 natta
445 705 591 761 interuenit
601 722 626 761 sc
660 706 847 776 itndatqaiata
859 707 875 778 s
887 736 898 747 ·

72 775 193 827 maante
215 773 318 829 Pascha
335 775 375 830 eis
402 775 593 830 remittendam
644 792 748 833 amante
768 776 896 832 Ecclesia

70 844 230 898 nmirum
244 844 419 901 demonstrat.
431 847 462 901 ld
473 847 562 902 ctiam
576 846 671 904 ridere
686 852 729 902 est
743 849 771 902 in
786 864 896 902 canone

70 914 105 969 35
118 915 200 995 isaac
213 915 401 986 lingonensis
415 917 549 988 episcopi,
566 923 636 973 tom.
650 920 684 973 ΙΙΙ
704 917 896 973 Consiliorum

71 985 186 1041 Gallae:
202 986 340 1042 Statatnm
355 994 404 1051 cst,
418 996 443 1043 et
456 989 484 1042 in
500 992 603 1044 sanctis
616 989 762 1044 rationibus
774 990 896 1060 probibi-

71 1063 135 1113 sess.
157 1064 190 1110 nt
204 1057 296 1113 sallas
307 1058 449 1129 presbyter
461 1061 646 1130 penitentiam
668 1060 782 1131 publice,
806 1063 895 1115 incoa-

69 1128 139 1182 salto
152 1128 285 1199 episeopo,
297 1130 483 1185 renonciliare
493 1138 644 1203 praesumat
659 1148 667 1194 ς
686 1132 735 1186 sed
748 1148 835 1187 amnes
848 1148 896 1202 pn·

70 1198 134 1253 blica
153 1204 312 1268 penitentes
374 1203 435 1256 iata
462 1203 538 1274 seria
563 1209 626 1257 ante
652 1202 841 1272 Paccianae
859 1207 896 1257 cst

71 1269 153 1326 cess
169 1269 294 1335 Domini,
310 1289 326 1325 a
359 1272 495 1327 ciuitatem
507 1274 537 1327 in
548 1274 639 1328 cinere
648 1278 672 1327 et
683 1273 773 1329 cilicia
786 1274 815 1327 in
824 1290 894 1342 prat·

69 1342 182 1395 sentiam
193 1341 309 1411 episcope
319 1350 457 1413 prostrato
479 1344 557 1399 ossltn
581 1345 752 1409 maceniam,
768 1352 792 1400 ct
811 1344 851 1399 ibi
862 1344 895 1399 ab

68 1414 188 1482 epimopa
194 1413 324 1468 canossise
335 1421 362 1468 st
371 1415 574 1478 ordinabiliter,
589 1415 660 1470 sicat
669 1432 699 1469 cn
711 1415 896 1471 Sacrannnta·

68 1483 111 1536 rio
124 1490 151 1537 et
167 1485 287 1539 ltomaao
301 1483 403 1540 Ordine
418 1487 584 1548 continetur,
599 1487 821 1542 reconcilientur.
842 1491 895 1543 etc.

70 1554 149 1624 Apud
174 1550 340 1619 hicaunam,
368 1556 416 1610 lih.
437 1557 472 1611 de
496 1556 602 1612 ilicinis
628 1557 747 1621 Oltlclis,
770 1573 833 1628 cap.
861 1559 896 1613 de

71 1627 157 1679 [cene
172 1624 301 1693 Domini,
316 1629 345 1681 et
359 1626 387 1681 iu
400 1627 519 1683 homilia
534 1628 656 1683 lsancti
672 1629 751 1698 litigii
760 1629 796 1683 de
808 1630 896 1684 Coeaa

72 1694 256 1766 [tauriniani
269 1696 323 1751 hac
332 1696 361 1752 in
372 1713 402 1753 re
416 1714 528 1754 morem
541 1699 704 1754 itomanam
716 1698 802 1754 secuti
818 1704 895 1762 sunt,

952 491 1066 563 quidem
1081 493 1210 550 hahetur.
1229 494 1320 549 sedin
1337 494 1473 550 medicat
1487 493 1515 549 in
1532 494 1587 549 One
1602 495 1704 553 variat.

989 588 1001 613 s
1017 564 1083 619 item
1095 566 1163 619 alia.
1174 597 1208 605 -
1223 565 1393 620 Absotaimns
1407 582 1450 620 nos
1462 566 1520 620 uice
1528 566 1601 621 beati
1609 567 1690 622 Petri
1701 586 1776 640 apos-

951 635 1069 689 toloram
1081 636 1228 707 principis,
1244 638 1290 692 cni
1303 638 1431 691 Dominus
1443 638 1549 707 ls'parsdi
1562 644 1644 709 atqne
1654 640 1777 696 solvendi

949 713 1109 776 potestatem
1125 708 1210 771 dedit,
1222 715 1248 762 et
1263 715 1393 788 qnantum
1406 708 1441 761 ad
1450 710 1620 778 impertiret
1631 713 1774 775 marcentia,

951 784 978 831 et
988 778 1025 830 act
1033 794 1078 832 nos
1093 780 1225 833 remissio.
1242 778 1283 833 Set
1306 778 1378 833 robis
1401 780 1477 835 Dens
1500 781 1665 850 omnipotens
1676 784 1734 838 rita
1750 791 1776 838 et

950 848 1033 911 satas,
1054 856 1079 903 et
1101 851 1221 904 ananiam
1234 857 1407 932 peccatoram
1419 857 1567 904 cestrornm
1591 852 1735 919 indultor;
1751 862 1776 909 ct

951 919 999 990 qai
1008 918 1314 992 nobe'seompnnctconem
1323 920 1416 975 cordis
1426 921 1500 976 dedit
1513 922 1557 975 det
1570 923 1677 977 oesiam
1684 940 1776 993 pecea-

952 997 1050 1053 tarnm,
1063 992 1263 1063 lanpaeoamqne
1278 991 1350 1045 nobis
1364 999 1445 1062 atqne
1458 990 1568 1060 felicem
1590 994 1675 1048 vitam
1687 996 1717 1049 in
1730 996 1776 1052 itae

951 1062 1051 1116 sacrato
1066 1062 1215 1133 larpiatar,
1232 1070 1259 1117 et
1270 1063 1299 1116 ia
1311 1062 1475 1132 tatarorum
1491 1063 1609 1128 Christo,
1620 1066 1777 1121 etosnnibas

950 1133 1051 1186 sanctis
1064 1136 1123 1202 ejns
1131 1134 1189 1187 sinc
1202 1134 1257 1204 fine
1268 1140 1429 1189 manentem.
1440 1134 1495 1189 Per
1505 1135 1625 1190 cassidem
1636 1137 1777 1191 marinam

950 1210 1081 1258 nostram.
1101 1224 1112 1254 s
1131 1204 1375 1260 Hactennsllodex
1393 1204 1505 1259 ltatoldi
1527 1205 1562 1260 da
1592 1205 1775 1263 oenitentium

951 1274 1143 1331 absolutione·
1157 1275 1238 1331 Circa
1252 1275 1311 1330 hac
1324 1276 1457 1345 quaedam
1474 1223 1601 1333 notanXa
1614 1283 1690 1333 sunt.

988 1362 1079 1417 Primo
1095 1363 1170 1418 hanc
1184 1362 1394 1418 ahsolutionem
1409 1362 1469 1418 lieri
1490 1364 1517 1418 in
1536 1364 1625 1420 missa
1648 1366 1776 1436 proxime

952 1436 1017 1504 post
1031 1432 1175 1503 Evangelii
1187 1432 1349 1488 lectionem.
1365 1434 1446 1498 Ouod
1456 1436 1543 1490 etiam
1562 1436 1672 1492 videtur
1687 1436 1714 1491 in
1726 1437 1777 1493 Co·

950 1504 1011 1560 dice
1024 1504 1188 1565 ilhemensi.
1205 1503 1309 1574 inquo,
1319 1504 1451 1630 perlecta
1466 1506 1664 1575 poenitentium
1678 1524 1776 1563 recon-

950 1574 1105 1638 ciliatione,
1121 1575 1300 1700 subsepuitur
1344 1575 1417 1630 ratio
1445 1576 1654 1646 supcrOhlats.
1676 1577 1776 1635 Priscis

950 1645 1127 1716 temporibus
1139 1648 1208 1701 ahsa
1223 1647 1363 1701 vehantur
1377 1646 1464 1701 etiarn
1477 1647 1552 1702 inter
1567 1648 1717 1703 Missurum
1733 1664 1777 1704 so·

951 1715 1057 1771 lemnia
1070 1719 1251 1788 paenitentes,
1266 1718 1314 1772 sed
1328 1717 1530 1788 proximeante
1545 1719 1711 1775 Orationem
1723 1720 1776 1775 Do-

69 1765 196 1821 ridemas
208 1769 491 1851 poenitenteseadcm
505 1769 780 1853 leriarceonciliari:
796 1769 830 1850 Ul
846 1770 896 1839 ΙΙΙ·
915 1783 936 1841 Β
951 1787 1098 1852 miricam,
1114 1791 1146 1842 ut
1159 1793 1314 1843 constater
1326 1789 1430 1858 Optato
1443 1789 1615 1853 hilleritsno,
1630 1790 1678 1845 ΙΙΙ).
1696 1807 1715 1845 ιι
1726 1792 1776 1845 ad-

67 1844 110 1891 st?
122 1838 236 1892 “Militi
250 1845 341 1894 mim
351 1840 472 1908 diletiws
488 1840 638 1896 'mmmm
650 1841 749 1912 Pedum
764 1839 838 1903 ωηο,
849 1857 893 1895 ’¹⁰'
950 1874 1047 1913 versus
1062 1858 1287 1913 parmenianum
1299 1881 1304 1911 :
1321 1859 1432 1914 Etenim
1445 1861 1520 1914 inter
1532 1861 1622 1915 m'eina
1632 1869 1773 1924 momenta,

68 1914 184 1962 straram
198 1917 372 1979 peccatoram
383 1917 421 1965 cst
430 1912 573 1982 pareatis.
591 1912 665 1967 Unde
682 1928 735 1966 noa
750 1912 894 1982 inconprue

68 1978 111 2033 iae
125 1979 184 2050 ipsa
199 1980 255 2047 slis,
271 1981 343 2035 sient
357 1981 482 2038 Emlesiae
496 1989 569 2038 tenet
579 1983 750 2047 consuetudo,
764 1984 894 2054 peniten-

69 2052 132 2105 tiam
143 2051 176 2119 fit
191 2051 392 2108 reconciliatio.

101 2122 156 2175 lloc
166 2122 258 2177 eliam
269 2127 383 2178 constat
395 2139 428 2178 ex
444 2139 577 2180 sermone
602 2124 637 2180 de
654 2122 788 2179 unctione
800 2122 894 2178 Chris-

68 2192 148 2247 matis
161 2193 240 2249 inter
255 2209 343 2264 opera
355 2194 446 2250 sancti
462 2195 615 2267 Cypriani:
634 2197 694 2250 Hac
717 2196 759 2249 dre
774 2195 892 2264 primam

66 2265 247 2319 commendem
261 2271 300 2319 est
314 2264 391 2320 nabis
404 2267 504 2337 fractio
515 2267 604 2337 panis.
616 2267 712 2326 stelit
720 2265 806 2336 paulo
817 2270 889 2337 post:

68 2333 149 2390 iiodie
166 2334 388 2390 reconciliantur
403 2337 531 2394 Ecclesiae
544 2343 703 2409 peccatores,
718 2344 743 2392 et
765 2338 841 2409 ejecti
854 2337 882 2407 fo

68 2421 111 2459 ras
120 2406 156 2459 ad
167 2406 270 2459 matris
285 2406 369 2462 abero
379 2408 559 2476 reducuntur,
568 2416 593 2463 et
604 2408 731 2463 ecelesia
743 2415 810 2463 cata
818 2425 895 2463 sanc·

68 2482 151 2531 nram
166 2477 204 2529 ad
211 2479 434 2541 communionem,
450 2496 503 2550 qua
520 2485 685 2541 carnerunt,
701 2486 888 2536 revertuntur.

70 2546 100 2627 lit
111 2564 143 2602 es
158 2564 223 2618 cap.
240 2549 271 2603 'lt
295 2548 357 2604 libri
374 2550 574 2622 rCapitularis
589 2549 682 2607 aaron
706 2554 735 2605 et
759 2549 892 2605 hudorici

71 2624 294 2689 imperatorum:
319 2620 425 2675 Duobus
452 2622 537 2677 etium
553 2626 635 2677 annis
649 2620 794 2677 ablationes
808 2621 893 2676 modis

71 2690 188 2745 annitar
198 2707 252 2744 non
260 2691 390 2745 sinantur
400 2692 499 2761 operes
510 2710 519 2757 ;
530 2693 575 2747 sed
591 2692 687 2763 populo
705 2693 893 2747 tantammodo

74 2764 98 2813 in
108 2760 239 2817 Oratione
245 2762 394 2831 sociemur,
407 2771 437 2818 at
451 2764 640 2833 perfectionem
651 2764 894 2833 septimadecima

75 2832 189 2896 Domini,
205 2841 405 2905 cmsseqaantssr
426 2851 509 2899 anno,
523 2834 554 2888 id
575 2841 613 2889 est
635 2850 684 2904 per
704 2835 832 2906 episcopi.
852 2836 893 2889 rel

72 2904 125 2971 ejas
143 2904 275 2974 jacensi
293 2921 349 2974 epse
367 2904 447 2975 abest,
461 2907 581 2960 alierum
603 2906 771 2960 sacerdotnm
797 2922 893 2961 manas

73 2974 275 3044 inpositionem.
291 2975 456 3032 absolutionc
469 2976 676 3031 sacerdotalium
689 2993 801 3046 precam
825 2993 892 3032 com·

73 3047 205 3100 nantonis
218 3046 361 3101 cartonen
372 3049 491 3115 pretinm
505 3047 650 3139 receptari.
666 3048 744 3103 idem
771 3052 893 3104 testatur

73 3116 237 3171 Oaillelmus
247 3117 429 3181 parisiensis,
443 3119 494 3174 ΙΙΙ).
509 3119 545 3174 de
555 3122 743 3178 bacramento
755 3118 891 3190 poeniten·
909 3137 933 3198 ρ

74 3187 123 3249 tie,
138 3203 200 3258 cap.
216 3194 242 3243 ὅ.
260 3191 401 3244 tlacteuus
410 3191 446 3245 de
460 3190 506 3244 die
516 3188 716 3257 absolutionis,
730 3193 758 3244 et
768 3190 892 3245 reconci-

74 3256 194 3314 liationis
210 3274 216 3323 ;
235 3259 318 3332 cujus
335 3263 426 3315 totam
447 3260 588 3316 rationem
601 3265 630 3315 et
657 3262 776 3316 modam
792 3260 846 3316 huc
858 3276 892 3316 ex

75 3329 180 3384 lietoldi
197 3328 303 3386 Codice
318 3331 445 3401 prolerre
460 3347 517 3386 non
531 3331 586 3388 erit
597 3330 710 3388 inutile.

108 3420 120 3449 a
135 3402 213 3457 lecto
227 3401 378 3484 [ioanpelio
391 3404 465 3457 Ante
479 3402 556 3458 diem
572 3402 676 3456 testum
689 3400 812 3466 Pascha,
824 3405 891 3468 eta,

73 3471 254 3539 posteasedcat
267 3489 403 3543 episcopus
417 3473 446 3527 in
457 3475 515 3528 sede
534 3473 767 3544 jactandorum
782 3488 837 3528 nan
851 3472 894 3527 di·

74 3550 113 3597 cat
128 3542 258 3598 Dominus
268 3543 420 3609 nobiscnm
436 3546 480 3599 scd
495 3543 707 3599 archidiaconns
720 3544 792 3614 lepat
803 3560 893 3599 coram

75 3628 102 3665 eo
113 3620 136 3667 ct
147 3614 246 3685 pupulo
255 3614 385 3678 rotulam.
402 3615 432 3668 in
446 3632 501 3687 qna
523 3615 700 3670 eontinentur
730 3614 836 3670 amdam
850 3616 892 3669 in·

75 3683 133 3738 dita
146 3685 178 3741 de
192 3686 387 3756 penitentiam
401 3685 628 3741 reconciliatione.
644 3687 708 3740 Post
772 3691 830 3741 urst
840 3687 893 3756 epi·

73 3770 164 3825 scopas
172 3764 238 3812 anm
247 3763 370 3812 muctam
379 3756 477 3812 altare.
490 3758 548 3812 Hoc
561 3756 668 3825 expleto
679 3761 780 3827 perpet
793 3756 896 3811 adam·

73 3824 159 3881 donem
174 3835 199 3882 et
214 3827 391 3883 ascendatad
413 3844 484 3891 eam,
507 3829 651 3911 [sciatque
668 3843 813 3881 sennonem
838 3834 894 3881 tam

70 3898 267 3969 populandam
277 3900 476 3970 penitentibus.
488 3908 555 3954 siccet
569 3898 644 3955 Ordo
653 3898 781 3969 precipit
795 3898 894 3954 Roma-

73 3983 131 4023 nas.
148 3969 226 4025 Tune
241 3971 338 4025 redeat
359 3976 422 4024 ante
437 3969 538 4034 altare,
567 3977 591 4025 et
604 3976 776 4041 prosternens
789 3985 825 4035 ss,
840 3977 895 4024 tam

70 4037 117 4116 itte
129 4056 209 4111 paam
219 4042 308 4095 omnis
321 4042 446 4112 populns,
459 4042 542 4097 etiam
552 4044 720 4112 penitentes,
730 4048 784 4094 tam
796 4039 895 4165 illipni

70 4116 143 4165 sstss
156 4121 312 4182 centanam
326 4121 415 4173 satra,
430 4119 455 4167 ct
468 4120 577 4168 cantent
589 4119 689 4184 septem
702 4111 832 4166 Psalmos.
873 4111 895 4165 i-

68 4180 137 4236 nitis
156 4181 199 4237 iis
213 4183 331 4237 Psalmis
348 4192 443 4255 serpat
463 4184 544 4247 salus,
559 4184 670 4239 etdiaat
685 4183 732 4237 bas
753 4182 895 4238 Orationes

68 4258 122 4307 lars
133 4270 187 4324 pro
201 4270 227 4307 se
239 4271 321 4325 qnam
333 4272 385 4326 pro
399 4256 512 4327 popnlm·
529 4254 778 4322 edessensisine,
804 4252 894 4325 450

67 4325 313 4450 mplspificatiambns
328 4329 436 4391 nostris,
450 4331 515 4391 etc..
530 4330 561 4381 at
576 4326 604 4380 in
620 4324 726 4380 Ordine
738 4329 766 4380 et
779 4325 895 4380 Pontitl·

69 4409 124 4449 αι
163 4411 281 4451 amano.

949 1928 1014 1983 dam
1032 1936 1127 1983 massas
1141 1930 1290 2001 imponitis,
1305 1937 1331 1985 et
1345 1930 1447 1985 delicta
1471 1930 1586 1994 donatis,
1612 1949 1673 1985 non
1686 1932 1721 1985 ad
1733 1934 1775 1987 al-

949 2007 1012 2054 tare
1024 2001 1147 2054 mnoersi
1160 2000 1327 2055 dominicam
1335 2001 1490 2056 Orationem
1496 2002 1772 2071 praetermitteremus

946 2072 1077 2141 potestis:
1093 2071 1178 2125 Pater
1190 2078 1289 2136 noster,
1305 2071 1353 2141 qni
1367 2088 1394 2126 es
1416 2072 1447 2125 in
1471 2072 1551 2135 celis,
1573 2072 1682 2128 dimitte
1697 2072 1773 2129 nobis

948 2141 1040 2197 debita
1053 2150 1080 2197 et
1091 2148 1202 2213 peccata
1211 2148 1314 2196 nostra.

984 2232 1126 2293 Secundo,
1141 2232 1249 2299 septem
1266 2229 1312 2285 hic
1327 2245 1387 2285 esse
1403 2229 1553 2286 Orationes
1582 2233 1618 2286 ad
1649 2232 1773 2287 reconci-

949 2300 1077 2356 liandum
1094 2299 1291 2371 paenitentem.
1303 2298 1337 2364 si,
1353 2302 1465 2356 duabus
1477 2300 1660 2357 Orationibus
1676 2302 1774 2372 priori·

948 2374 1001 2427 hus
1020 2370 1134 2426 omissis
1147 2388 1211 2442 quse
1227 2366 1360 2425 dicuntur
1388 2387 1438 2441 pro
1454 2370 1587 2442 episcopo
1602 2376 1631 2427 et
1657 2372 1772 2443 populo,

949 2441 1241 2497 numeraverisabilla
1253 2441 1438 2497 Orationecui
1450 2441 1549 2497 titulus
1559 2447 1602 2498 est
1612 2442 1772 2508 Absolutio;

948 2513 1024 2584 quod
1040 2512 1225 2569 videturesse
1253 2513 1409 2568 secundum
1431 2512 1582 2595 antiquum
1606 2514 1704 2579 ritum,
1725 2515 1772 2638 spui

947 2583 1036 2641 etiam
1051 2587 1180 2654 tempore
1197 2582 1325 2638 Ludovici
1339 2582 1378 2637 Pii
1393 2583 1419 2637 in
1435 2583 1526 2639 Gallia
1544 2584 1664 2655 rigebat,
1677 2588 1732 2641 ute
1745 2601 1774 2639 a·

948 2671 1011 2711 rum
1025 2660 1068 2710 est
1085 2670 1119 2709 ex
1134 2653 1192 2709 rita
1215 2654 1346 2726 ejusdem
1362 2654 1494 2709 Ludovici
1509 2672 1515 2709 ε
1530 2655 1568 2709 ΕΙ
1589 2655 1664 2710 inter
1678 2655 1774 2711 Missa·

947 2744 1010 2781 riam
1021 2725 1237 2790 celebrationem,
1246 2732 1346 2796 septem
1358 2724 1563 2798 orctsiepiscapi,
1574 2734 1672 2797 septem
1683 2742 1774 2781 reson·

947 2795 1770 2868 citissimisecelesiasticaeOrationessnperenmcecinerant.

982 2886 1078 2941 Tertio
1092 2886 1249 2941 notandum
1260 2889 1303 2940 est
1318 2884 1347 2939 id
1361 2884 1436 2955 quod
1450 2884 1658 2955 scriptumest:
1674 2885 1773 2941 Arabi·

947 2956 1074 3013 diaconas
1097 2958 1125 3013 le
1141 2964 1169 3012 at
1184 2972 1274 3011 eoram
1285 2955 1383 3028 populo
1396 2956 1524 3017 notatam,
1540 2960 1594 3012 etc.
1616 2956 1649 3013 Et
1663 2973 1726 3027 quae
1740 2955 1770 3011 in

946 3029 1048 3084 eadem
1060 2975 1155 3084 colaia
1168 3026 1359 3093 continentur,
1376 3043 1495 3098 nempe:
1512 3026 1605 3092 Adest,
1623 3045 1639 3082 o
1661 3043 1771 3082 neaera·

946 3098 1010 3154 bilis
1021 3100 1154 3171 pariliter,
1169 3106 1272 3169 tempas
1283 3105 1427 3170 acceptum,
1446 3098 1504 3154 dies
1511 3098 1719 3170 propitiationis
1731 3098 1771 3153 di·

947 3172 1028 3238 cinae,
1041 3175 1107 3238 etc,
1123 3174 1154 3226 ul
1165 3169 1194 3224 in
1206 3169 1313 3224 Ordine
1332 3171 1471 3224 Romano.

982 3252 1089 3316 Quarto
1102 3249 1229 3304 notanda
1243 3248 1378 3304 sunthaec
1390 3250 1491 3304 rerba:
1504 3248 1581 3305 Simt
1590 3248 1773 3330 Ordopcceoi·

944 3322 988 3393 pit
1002 3322 1147 3386 llonmnns,
1160 3325 1189 3375 et
1200 3336 1265 3390 quae
1278 3318 1317 3374 ihi
1329 3319 1436 3390 scripta
1455 3323 1531 3383 sunt,
1546 3336 1610 3375 cnm
1628 3325 1724 3390 agitur
1737 3320 1772 3375 de

947 3408 1080 3447 sermone
1094 3408 1178 3462 quem
1194 3390 1280 3445 hahet
1294 3389 1443 3471 episcopus
1457 3391 1492 3445 ad
1505 3390 1684 3461 penitentes,
1704 3389 1773 3460 qnia

947 3462 977 3518 in
993 3463 1099 3517 Ordine
1114 3464 1255 3517 Romano.
1270 3476 1318 3532 qm
1328 3465 1512 3523 nuncexstal,
1527 3461 1605 3516 nulla
1619 3461 1773 3517 filsermo·

948 3533 992 3588 aia
1006 3533 1091 3614 huJus
1106 3530 1223 3588 mentio.
1240 3532 1279 3586 Es
1294 3548 1349 3611 qun
1365 3531 1564 3613 pstctetsihic
1579 3532 1655 3588 Ordo
1670 3534 1773 3587 Roma·

948 3620 1017 3729 tlt
1026 3605 1688 3753 ttstt3ttittttttftttttttttttt
1698 3618 1773 3744 itt:

949 3744 1001 3800 tim
1016 3745 1124 3807 addita,
1142 3749 1172 3798 ut
1187 3743 1215 3797 in
1237 3743 1405 3798 Praelalsone
1417 3743 1640 3798 observavimus.
1666 3743 1696 3797 ln
1721 3747 1759 3799 Co

949 3816 1011 3871 dice
1024 3816 1177 3871 Rhemeum
1192 3814 1224 3869 m
1234 3812 1322 3869 etiam
1339 3814 1447 3869 tuentio
1456 3815 1596 3869 sermonis
1610 3813 1705 3885 huJus,
1722 3829 1771 3868 eeu

949 3885 1156 3943 exhortationis
1171 3885 1199 3939 in
1213 3884 1289 3939 hauc
1302 3886 1419 3940 modum
1437 3901 1443 3939 :
1459 3885 1523 3941 Post
1534 3887 1593 3940 bna
1611 3884 1772 3939 admonetur

949 3958 981 4013 ab
996 3958 1125 4039 episcopa,
1139 3957 1197 4012 siae
1210 3955 1243 4011 ab
1257 3956 1315 4011 alio
1326 3957 1470 4020 sacerdote,
1497 3957 1607 4079 ntpnod
1618 3955 1772 4026 panitmdo

948 4029 1042 4093 ditant,
1066 4029 1192 4083 iterando
1211 4044 1265 4082 non
1290 4034 1405 4081 remeet.
1422 4028 1530 4092 Ouema
1554 4027 1672 4082 modum
1688 4030 1716 4081 et
1742 4026 1772 4081 in

949 4099 1106 4155 Pontillcali
1123 4102 1270 4154 Romano:
1288 4098 1335 4152 llis
1350 4098 1439 4161 dictis,
1452 4096 1576 4169 pmtisen
1601 4114 1650 4152 mr
1667 4114 1712 4151 ens
1730 4112 1771 4151 oo·

948 4171 1020 4226 cedit
1033 4187 1093 4226 carn
1105 4170 1241 4224 ministris
1256 4168 1291 4222 ad
1309 4169 1409 4223 ostiam
1420 4167 1559 4231 Emlesiae,
1577 4115 1667 4309 553
1693 4169 1772 4223 charo

948 4259 1001 4297 naa
1015 4248 1185 4305 sarmaciae,
1208 4246 1233 4294 et
1252 4246 1327 4295 stans
1339 4240 1369 4294 in
1393 4240 1479 4294 media
1501 4239 1567 4293 ostii
1597 4240 1652 4294 anit
1667 4239 1773 4294 brebem

949 4312 1175 4368 exhortatimrem.

985 4391 1089 4457 Oninto
1104 4392 1231 4447 notanda
1242 4394 1286 4446 est
1301 4389 1361 4445 baec
1376 4386 1775 4446 sormaahsolntioniststbsal·

104 4488 118 4515 s
138 4465 212 4521 Alia.
232 4498 267 4507 -
281 4468 399 4533 Praesta,
424 4482 585 4539 qnaesnmas,
601 4467 722 4531 Domine,
737 4470 802 4530 etc,
818 4471 849 4521 ut
865 4465 894 4520 in
914 4494 935 4552 ῃ
949 4464 1036 4519 vimm
1051 4480 1094 4518 aas
1106 4464 1164 4518 ricc
1173 4463 1245 4517 beati
1258 4462 1348 4525 Petri,
1361 4467 1425 4525 etc..
1441 4476 1566 4531 qnnnon
1580 4464 1674 4515 exstat
1684 4458 1775 4514 inhoe

70 4536 137 4590 Ord.
155 4543 182 4592 et
197 4538 305 4596 Pontii.
323 4540 408 4596 Rom.

106 4628 121 4657 ι
136 4608 287 4664 Absolutis.
365 4610 440 4665 Sicut
454 4608 608 4680 principali
626 4607 760 4663 sententia
780 4613 893 4672 constat,

72 4680 138 4744 ele,
154 4685 185 4734 ut
199 4680 228 4735 ia
243 4680 348 4735 Ordine
362 4679 504 4736 Romano.

107 4768 121 4799 s
138 4751 216 4807 etta.
233 4781 267 4791 -
282 4751 352 4805 Deus
366 4751 481 4807 inmani
488 4751 595 4821 pencris
606 4749 796 4818 benipnissime
806 4747 895 4803 emidi-

74 4824 125 4942 ‘tir'
141 4826 208 4886 esc,
221 4827 253 4877 at
266 4822 295 4876 in
309 4821 469 4878 Pontificali
484 4824 624 4887 Romano,
638 4825 667 4876 et
679 4820 707 4875 in
723 4819 794 4875 lihro
805 4837 829 4874 n
843 4820 895 4874 lia-

94 4892 189 4960 teani.

109 4983 122 5007 ι
139 4962 203 5019 item
215 4962 283 5018 alia.
304 4993 340 5005 -
359 4963 469 5026 Precor,
486 4962 607 5028 Dareine,
624 4962 794 5018 elementiam
809 4968 893 5025 taam,

78 5036 136 5093 etc..
153 5039 183 5089 ut
198 5037 228 5089 in
252 5034 410 5090 Pontificsli
436 5038 576 5097 Romano,
603 5035 652 5090 sed
677 5033 706 5088 in
721 5032 894 5105 quibusdam

78 5102 173 5158 cariat.

110 5195 123 5221 s
135 5174 199 5230 ltem
211 5176 280 5231 alia.
297 5206 332 5217 -
348 5177 427 5242 Deus,
440 5176 489 5246 qai
498 5175 613 5247 justitia
624 5182 680 5230 taes
694 5174 770 5244 lepis.
786 5174 894 5228 miseri·

78 5244 169 5321 cardias
181 5263 289 5317 semper
309 5247 567 5315 multiplicationem
593 5247 752 5309 moderaris,
770 5245 835 5300 dnm
848 5245 894 5300 de·

79 5310 252 5385 lamminas
258 5318 454 5388 penitentiam,
470 5318 536 5372 ciam
550 5317 584 5372 ab
599 5318 641 5373 bis
659 5316 738 5372 etiam
753 5316 894 5387 providen-

79 5385 118 5440 tie
131 5394 186 5444 taes
196 5388 268 5443 donn
281 5405 336 5445 aaa
361 5389 499 5446 subtrahis
520 5396 546 5444 st
562 5389 715 5444 vindictam
740 5387 894 5443 miserando

77 5460 219 5528 ammeta.
235 5460 302 5515 Per.

108 5529 212 5586 «Alia.
227 5560 264 5572 -
277 5530 350 5585 Deice
364 5531 528 5594 misericors,
546 5532 613 5585 Deus
640 5531 766 5594 cientem,
793 5531 842 5600 qni
854 5546 894 5584 se·

78 5600 184 5655 mam
201 5601 410 5657 multitudinem
422 5603 630 5657 miserationum
643 5609 763 5664 tauram,
780 5606 846 5666 ete,
862 5604 894 5656 ut

79 5667 273 5728 inPontiticali
284 5673 423 5728 Romano.
452 5675 485 5728 ln
498 5673 602 5729 Ordine
622 5672 738 5744 quidem
754 5670 891 5727 habetur:

79 5742 120 5798 aa
133 5742 160 5799 in
174 5743 233 5801 tine
249 5742 352 5800 variat.

107 5815 212 5873 salia.
224 5842 263 5862 -
273 5814 446 5890 adesam
458 5823 543 5885 taam,
566 5815 692 5882 Doninc,
705 5812 893 5889 mpplicesde·

949 4534 1052 4590 Codice
1065 4534 1154 4590 sancti
1171 4532 1261 4605 litigii.
1277 4549 1330 4589 nec
1344 4533 1371 4588 in
1393 4532 1542 4586 Codicibas
1566 4530 1731 4597 llbemensi,
1745 4532 1774 4585 et

951 4604 1085 4670 liodradi,
1103 4621 1194 4676 neque
1209 4605 1236 4658 in
1251 4604 1300 4659 tib.
1317 4621 1342 4659 vs
1361 4602 1507 4674 Helitgnrii
1518 4619 1574 4657 ms.
1585 4602 1667 4657 toties
1675 4601 1773 4667 citato,

950 4691 1042 4747 neque
1056 4678 1132 4746 apud
1148 4675 1298 4731 henricum
1313 4674 1628 4798 Canisiumlihrosupra
1641 4673 1773 4728 citatala

950 4745 994 4801 his
1009 4747 1085 4801 enim
1098 4746 1232 4802 omnibus
1273 4746 1450 4802 oenitentium
1466 4744 1577 4801 reconci
1590 4745 1690 4800 lationi
1704 4745 1773 4800 Ore·

951 4817 1043 4872 tiones
1056 4823 1169 4872 tantum
1186 4818 1253 4873 adhi
1293 4822 1367 4872 ntur.
1395 4817 1476 4881 Ouod
1500 4816 1589 4871 etiam
1615 4816 1714 4872 ridere
1729 4817 1773 4870 est

949 4888 1141 5016 iiiiii?
1146 4889 1413 5015 innectitis
1419 4885 1773 5014 ..trininitate

951 5031 1067 5087 lationis
1079 5047 1127 5088 seu
1138 5029 1373 5086 reconciliationis
1386 5034 1488 5093 exstat,
1499 5046 1562 5101 quae
1572 5046 1636 5085 cum
1650 5025 1774 5084 formula

950 5102 1061 5159 Codicis
1074 5102 1188 5157 Ratoldi
1201 5103 1270 5156 satis
1284 5101 1432 5156 convenit:
1446 5101 1502 5157 Nos
1520 5103 1602 5156 etiam
1628 5100 1774 5155 sectandam

950 5174 1140 5229 anctoritatem
1154 5173 1231 5228 nobis
1245 5172 1367 5243 indipnis
1381 5190 1397 5227 a
1411 5174 1466 5228 Deo
1480 5174 1645 5228 commissam
1659 5170 1775 5227 absolui·

949 5262 1007 5300 mas
1022 5262 1064 5299 cos
1075 5245 1190 5299 abomni
1199 5244 1477 5299 oicmalodcic'etornm
1492 5252 1643 5300 uestrarum
1656 5260 1663 5299 t
1680 5251 1709 5299 at
1720 5260 1774 5299 me·

948 5317 1068 5371 reamini
1082 5315 1182 5370 babere
1191 5317 1275 5370 citam
1285 5323 1425 5371 aeternam.
1436 5316 1490 5371 Per
1504 5334 1564 5372 eam
1576 5318 1625 5389 qni
1639 5333 1696 5371 aen.
1710 5317 1772 5370 Non

949 5391 1041 5443 exstat
1056 5388 1082 5441 in
1098 5386 1258 5442 Pontificali
1274 5389 1412 5443 Romano.

983 5459 1034 5513 liic
1048 5459 1199 5531 subjiciam
1212 5458 1298 5513 aliam
1309 5457 1495 5513 absolutionis
1505 5457 1659 5513 formulam
1671 5458 1772 5510 notatu

948 5529 1075 5601 dignam.
1093 5545 1183 5599 nuper
1197 5529 1341 5585 inventam
1351 5527 1773 5598 Petrachoricisinquodemse·

948 5601 1045 5726 pulcro
1062 5600 1183 5656 abbatiae
1194 5601 1285 5655 sancti
1302 5600 1461 5665 Frontonis,
1478 5616 1563 5671 quam
1576 5596 1725 5673 prolertlt.
1741 5596 1768 5652 P.

965 5687 1073 5726 oannes
1085 5671 1122 5726 dn
1133 5672 1193 5741 Pap
1214 5671 1419 5727 Prnnciscanus
1432 5670 1617 5726 Recollectus.
1647 5682 1675 5720 tn
1699 5665 1771 5722 lihro

947 5743 983 5798 de
997 5746 1074 5799 statu
1090 5742 1219 5799 Ecclesia
1235 5740 1500 5806 Petrnchoncensis,
1522 5739 1551 5795 lu
1567 5737 1718 5795 Gnillelmo
1734 5739 1770 5796 de

947 5813 1164 5888 Montehrulpho
1178 5814 1320 5887 episcopo.
1336 5810 1487 5870 Ehoesisin
1501 5807 1771 5885 dictesbhatiaqui·
