4034 6180
255 223 315 289 20⁶1

634 215 672 287 nt
692 224 725 287 s.
746 210 921 311 candenti
940 212 1078 289 uacua
1095 212 1422 291 subsannandam
1443 212 1563 290 narn.

1874 208 2000 302 ιιι

254 322 1078 431 ildueut'tdt'esDomiui'eus,ateccerec,cambisqutcbtioc
1095 338 1118 429 A
1134 373 1192 412 non
1207 357 1261 412 sibi
1274 362 1415 415 constare.
1433 360 1489 415 Sed
1503 362 1573 431 puto
1592 357 1621 412 in
1642 357 1725 430 priori
1746 360 1803 417 loco
1817 363 1925 425 locutum

254 430 392 483 sacerdota
405 430 592 484 cummunione
604 429 699 484 abisse
712 429 788 500 jussi
799 435 924 499 luerunt,
938 433 1078 485 ecetesiam

254 506 291 555 est
305 514 445 568 ingressus
452 517 464 563 ;
474 499 550 553 tectis
560 504 650 569 igitur
660 502 831 568 lectionibus,
840 516 1077 571 quatennonsan·

253 569 298 626 uit
315 569 454 640 antiquus,
468 572 570 625 obtatis
585 572 744 628 munerebus
757 574 943 642 superatione
957 573 1019 638 liii,
1035 573 1077 627 ait

172 652 180 663 ¹
252 641 391 695 sumrdos:
406 641 470 697 lton
486 643 533 697 bic
548 643 629 697 laodic
641 644 792 698 Missurum
806 645 941 698 sotemniu
955 659 1077 699 cousum-

252 716 415 776 aiubuntui·,
428 715 490 767 nt'st
500 713 694 768 communione
707 718 813 783 priuati
822 730 904 784 prius
918 716 1074 769 abscedunt.

253 782 322 847 Quae
336 787 450 838 sumita
463 783 530 849 sint,
544 784 697 839 dicendum
713 790 756 838 est
765 784 865 854 priscis
873 786 928 839 illis
942 786 1088 855 ternpori·‘

251 851 304 908 bus
318 870 376 908 non
393 854 480 910 luisse
504 872 594 909 unum
609 858 801 925 eumdemque
829 872 923 921 usum,
940 860 989 911 sed
1004 856 1076 911 alios

250 924 342 980 Missae
366 926 516 981 exordium
532 928 645 982 darnae
660 942 678 981 a
695 927 867 997 psalmodia,
891 927 961 982 alios
977 943 1075 983 veroa

250 994 430 1053 lectionibus.

286 1066 314 1122 θ.
323 1066 432 1123 Mciutte
440 1067 527 1140 tigria
536 1067 652 1125 eteistm.
661 1066 785 1139 Antiqua
796 1067 851 1123 luit
860 1068 1073 1141 planeconsue·

250 1138 320 1193 tudo
335 1138 465 1194 Ecclesiae
484 1140 620 1193 Romana
635 1154 738 1194 canere
752 1139 837 1210 liguis
852 1144 954 1196 iteam
969 1145 1026 1194 tam
1043 1141 1072 1195 in

249 1208 350 1276 Missis,
365 1226 452 1279 quam
472 1209 500 1264 in
527 1210 635 1265 ceteris
650 1210 753 1264 divinis
776 1210 887 1276 officiis,
908 1217 939 1266 ut
953 1212 1072 1282 planum

250 1286 293 1335 est
308 1296 341 1335 ex
354 1280 474 1335 concilio
499 1281 615 1336 vasensi
636 1281 713 1351 qnod
727 1281 903 1337 celebratum
919 1285 973 1337 t‘utt
987 1283 1072 1338 ltecio

244 1350 361 1438 juniore
370 1367 430 1406 ntro
439 1351 598 1406 clarissimo
606 1353 722 1407 consule
732 1368 810 1407 anno
822 1353 993 1420 Christiana,
1005 1370 1069 1409 can.

248 1423 265 1476 d
276 1437 282 1477 ι
300 1424 336 1476 lit
351 1423 481 1493 putatum
490 1424 931 1494 insedeapostoticaqaumetinin
939 1433 1070 1495 pertotus

249 1492 409 1549 uraniam
421 1500 503 1565 utque
513 1494 605 1549 ltaliae
613 1493 866 1563 prouinciasdutat's
874 1503 897 1550 et
904 1496 1020 1551 titinium
1028 1510 1070 1550 stt·

248 1563 349 1621 tuturis
357 1565 569 1620 massuetudoest
579 1566 741 1621 intromisso
752 1570 781 1619 ut
793 1566 888 1637 aare
899 1567 1000 1622 eteison
1009 1584 1071 1622 cum

1133 445 1195 484 esse
1209 434 1322 484 tantum
1337 430 1487 486 alcuinum
1502 433 1537 485 de
1556 429 1648 484 verbis
1673 431 1755 503 bujtis
1769 433 1928 509 hymnique
1999 486 2000 493 .

1133 507 1246 555 exstant
1260 502 1289 554 in
1300 502 1462 572 Evangelio.
1479 501 1638 556 Concilium
1653 501 1813 558 Toletnnnm
1831 524 1855 561 ir
1867 525 1924 567 can.
1999 528 2000 531 ¹

1132 570 1166 624 lt
1178 586 1184 624 ε
1196 572 1330 643 lietiqniu
1339 588 1405 643 qua
1415 572 1453 627 tit
1464 580 1620 644 secuuntur
1633 575 1826 631 cactesimticos
1849 579 1928 635 docto·
1999 566 2000 579 ¹

1131 658 1172 695 res
1184 647 1364 713 composuisse
1379 643 1486 698 scribit.
1502 644 1533 697 ln
1547 642 1662 713 liturgia
1673 645 1761 699 sancti
1781 647 1870 703 iacobi
1889 665 1930 705 an·
1999 710 2000 713 ,

1129 712 1220 785 getica
1235 730 1284 768 seu
1297 715 1461 786 evangelica
1479 716 1565 769 verba
1580 720 1624 768 ter
1636 714 1774 779 dicuntur,
1787 721 1857 788 qnod
1870 737 1928 791 pne·

1129 783 1191 838 buit
1205 798 1305 838 ausam
1320 788 1490 856 quibusdam
1506 785 1647 840 scribendi
1664 786 1738 841 lianc
1759 787 1885 857 hymnum
1905 793 1929 847 in

1129 854 1214 909 Missa
1225 856 1279 910 diei
1292 857 1471 912 consuevisse
1479 872 1512 911 ex
1523 856 1676 911 traditione
1688 860 1848 928 apostolica,
1865 866 1930 932 quud

1129 928 1227 980 tamen
1243 943 1301 982 non
1316 927 1563 997 potestenidenter
1570 927 1663 998 colligi
1672 944 1706 983 ex
1713 929 1811 984 eadem
1820 931 1929 1003 liturgia,

1127 997 1196 1067 quia
1210 997 1289 1052 alind
1308 1003 1351 1054 est
1378 998 1456 1070 loqui
1484 1000 1519 1054 de
1543 998 1611 1069 ipsis
1636 998 1724 1054 verbis
1749 1000 1876 1072 angelicis
1888 1019 1931 1059 seu

1128 1069 1299 1138 evangelicis
1312 1069 1436 1151 precise,
1451 1068 1530 1124 alind
1540 1073 1576 1124 de
1588 1073 1649 1124 tato
1665 1072 1781 1141 hymno,
1800 1072 1849 1127 etsi
1871 1072 1932 1129 inte

1126 1153 1177 1210 ger
1200 1145 1291 1195 exstet
1316 1157 1345 1194 rn
1369 1139 1625 1198 constitutionibus
1639 1141 1808 1210 apostolicis,
1833 1142 1877 1198 lib.
1892 1160 1930 1212 tri,
1999 1168 2000 1171 ¹

1127 1228 1188 1287 cap,
1203 1212 1248 1275 tr,
1274 1227 1343 1266 nam
1371 1212 1401 1266 ln
1422 1211 1563 1284 ejusmodi
1587 1211 1838 1268 Constitutionibus
1854 1216 1934 1270 motta

1126 1291 1225 1355 postea
1239 1282 1436 1337 additalnisse
1448 1298 1549 1338 omnes
1563 1282 1638 1338 docti
1657 1289 1772 1338 norunt.
1803 1283 1873 1340 Olim
1894 1286 1933 1341 bic

1126 1363 1251 1429 hymnus
1260 1354 1405 1425 angelicus
1420 1353 1448 1408 in
1463 1353 1606 1408 Laudibus
1621 1353 1771 1408 matutinis
1782 1356 1931 1421 canebatur,

1127 1435 1158 1484 ut
1173 1427 1335 1484 notavimus
1346 1426 1382 1479 ad
1398 1425 1587 1480 Concordiam
1611 1425 1777 1497 regniacum
1792 1426 1878 1481 sancti
1892 1430 1933 1483 Be

1126 1500 1230 1556 nedicti
1251 1495 1554 1550 abbatisilnianensis.

1159 1569 1487 1639 animaduertenti.
1504 1566 1585 1621 ltain
1599 1565 1698 1627 Editis.
1715 1566 1779 1621 etin
1801 1566 1934 1622 (lodicibus

245 1638 352 1705 prandi
360 1636 976 1706 affectaetcumpanetionedicutai·‚ptucait
987 1639 1070 1693 eiiam
1124 1640 1250 1698 liodradi
1263 1644 1292 1693 et
1302 1637 1414 1693 llatoldi
1428 1652 1434 1705 ;
1449 1638 1478 1692 in
1489 1637 1673 1711 quibusdam,
1688 1637 1778 1706 male,
1788 1639 1886 1710 legitur
1898 1640 1934 1710 at-

246 1710 360 1762 uutn'sut
377 1723 407 1760 tn
417 1708 545 1763 diuinitus
559 1708 692 1764 Ecatestis
709 1712 814 1763 nostias
829 1709 881 1762 istu
896 1712 954 1764 tum
970 1714 1070 1765 satiata
1121 1713 1225 1784 suerit,
1240 1714 1271 1765 nt
1282 1725 1317 1764 ex
1333 1708 1643 1780 sequentibusconstat.

171 1836 176 1845 ,
245 1778 425 1845 consuetudo,
439 1786 463 1835 et
478 1780 513 1833 ad
527 1779 687 1844 Matutinus,
702 1780 777 1835 etad
791 1780 893 1844 nuta,
909 1787 934 1834 it
951 1784 991 1835 att
1009 1748 1110 1836 Vis·B
1160 1783 1222 1840 9.Α
1239 1782 1509 1853 presbytcinsuutem
1524 1782 1640 1834 ini'inme
1665 1778 1934 1835 di'ct'turnisi'insoto

241 1865 355 1920 perum,
365 1849 423 1904 Dte
434 1853 564 1929 propitio,
575 1856 795 1905 titiromtttutur.
811 1851 913 1921 linquo
926 1857 1005 1921 patet
1016 1851 1068 1906 im·
1124 1855 1241 1910 Pascite.
1255 1854 1332 1907 idem
1355 1851 1519 1906 institutum
1533 1850 1627 1905 videre
1640 1855 1685 1906 est
1699 1853 1776 1922 apud
1789 1853 1933 1906 Burconem

244 1921 348 1975 merito
362 1937 379 1975 a
393 1922 564 1995 quibusdam
577 1921 681 1976 Granis
693 1926 821 1976 notatum
837 1922 923 1977 l'ursse
936 1930 1068 1977 sanctum
1123 1927 1305 1998 augiensem,
1321 1938 1383 1993 cap.
1398 1923 1424 1985 t,
1439 1923 1474 1977 de
1489 1922 1661 1993 quibusdam
1677 1924 1761 1977 rebus
1776 1925 1812 1976 ad
1832 1923 1934 1976 Missam

243 1992 410 2063 Gregoriutn
427 2008 542 2063 papam,
556 1994 638 2063 quasi
650 1998 679 2047 nt
694 1993 848 2048 Ecclesiam
863 1996 1069 2049 Constantino·
1123 1996 1326 2066 spectantibus,
1335 1992 1386 2047 etsi
1398 1993 1543 2048 adversari
1558 1992 1705 2048 rideatur:
1722 2006 1780 2049 cur
1795 2010 1849 2048 non
1865 1993 1936 2048 liceat

241 2064 402 2188 Alolitanam
417 2065 599 2135 opprimeret,
615 2068 676 2117 tum
691 2066 817 2134 primurn
831 2064 987 2118 instituerit
998 2071 1028 2119 ot
1037 2065 1067 2120 in
1122 2068 1199 2123 enini
1210 2070 1257 2122 dte
1270 2066 1419 2132 Doniiiii‘ao,
1428 2066 1469 2119 eet
1480 2066 1623 2120 natalitiis
1632 2068 1797 2119 sauctorum
1811 2065 1937 2135 presbyte-

271 2133 328 2189 issa
342 2135 474 2189 Romana
488 2135 680 2205 Kyrieettt'suu
690 2139 850 2203 caneretur,
866 2140 897 2190 ut
909 2135 971 2205 ipse
981 2141 1066 2191 testa·
1122 2142 1165 2194 ris
1181 2137 1262 2193 ittum
1273 2138 1404 2206 lipmitum
1419 2151 1511 2190 canere
1526 2152 1604 2205 quem
1617 2141 1682 2189 itutu
1696 2151 1727 2190 in
1740 2135 1937 2190 cornelianica

243 2207 289 2259 tur
301 2216 314 2246 ⁸
327 2204 375 2259 lib.
392 2220 431 2259 tii
449 2204 572 2276 Regesti,
588 2204 671 2275 epist.
683 2208 730 2275 bl,
744 2203 792 2259 ubi
806 2206 935 2259 allirmat
950 2222 979 2261 se
995 2222 1066 2261 uun·
1121 2210 1218 2280 capeti
1229 2208 1349 2264 cecinere
1360 2208 1479 2263 decentes
1493 2221 1500 2272 ;
1514 2205 1609 2260 Gloria
1625 2207 1656 2261 ιιι
1666 2205 1783 2262 meetsu
1792 2206 1853 2261 lieu.
1869 2204 1938 2271 Quoi

242 2276 330 2346 quam
345 2274 374 2329 id
390 2276 425 2329 ab
447 2274 571 2330 bcclesia
599 2275 917 2346 Constantinopolitanae
939 2277 1066 2333 emendi-
1120 2282 1147 2335 si'
1164 2294 1314 2335 concessum
1333 2284 1370 2332 est
1386 2277 1467 2332 ittam
1489 2293 1585 2332 canere
1609 2278 1640 2330 i'it
1667 2278 1781 2333 Passim
1806 2276 1938 2331 secundani

241 2361 332 2413 casse,
348 2345 433 2417 277
451 2346 564 2416 alioque
578 2344 996 2417 ritubancsnpplicationema
1011 2349 1064 2404 lto·
1118 2351 1361 2421 acclamationem
1384 2347 1514 2413 Mesatis,
1544 2364 1596 2401 aon
1613 2349 1816 2403 multominus
1843 2348 1938 2402 licitum

241 2432 330 2471 mana
345 2415 469 2473 ccclesia
483 2416 609 2471 cantari:
626 2416 714 2487 ligate
725 2417 825 2472 amison
842 2426 934 2473 autem
949 2419 1065 2492 (inquit)
1116 2429 1183 2494 puto
1196 2423 1227 2476 in
1240 2420 1395 2477 Natiuitute
1408 2419 1533 2486 Domini,
1548 2422 1658 2490 quondo
1668 2420 1798 2489 primum
1808 2422 1886 2490 coepit
1897 2432 1940 2472 un·

240 2503 290 2543 nos
302 2503 389 2561 neque
398 2487 532 2553 dicimus,
543 2488 768 2558 accucurrimus,
775 2492 872 2545 cicuta
883 2490 986 2545 Grauis
996 2492 1064 2547 aiei·
1119 2494 1177 2549 diri
1190 2493 1394 2549 abdominibus
1410 2491 1441 2544 ιιι
1455 2494 1538 2546 teri-ts
1547 2491 1681 2561 qualiter
1698 2491 1734 2544 ab
1752 2492 1854 2561 capitis
1867 2503 1938 2545 cuae

237 2564 377 2631 ,turmore
390 2559 830 2615 tnGraciaituittoaiaescieaat
842 2579 852 2630 3
867 2562 940 2631 opud
956 2578 1062 2617 nostiu-
1120 2564 1241 2621 daturin
1256 2563 1337 2617 cutis.
1357 2562 1508 2631 Proteruiit
1530 2562 1751 2617 contradictores
1780 2578 1810 2616 tn
1828 2561 1939 2616 medium

240 2636 293 2686 terii
303 2630 565 2696 commanducatur,
581 2633 702 2701 upoputo
717 2632 899 2701 respondetur
914 2639 940 2687 et
955 2633 1063 2688 totidem
1119 2635 1280 2690 ubtnumsit
1292 2652 1309 2687 ii
1323 2641 1428 2689 sanctis
1443 2632 1584 2697 Patribus,
1596 2634 1635 2685 net
1650 2633 1689 2687 ub
1706 2635 1768 2704 ipso
1783 2633 1939 2686 scintisii'nu

241 2703 436 2758 untbmetiam
442 2702 659 2757 tibi-istesteison
669 2704 947 2773 uicitai·,qttuttopuit
958 2707 1065 2759 tii-acas
1118 2722 1195 2777 popu
1209 2705 1340 2776 Gregorio
1354 2704 1538 2758 titterdt'ctum.
1558 2703 1653 2759 Sedet
1677 2704 1813 2758 snllicere
1828 2703 1940 2758 debebat

234 2776 322 2835 ‚uultu
333 2775 412 2828 inodo
424 2776 543 2828 dicitur.
560 2772 626 2828 llaec
649 2772 706 2828 ille.
731 2776 813 2838 Quod
840 2779 950 2845 spectat
964 2775 1000 2828 ad
1015 2776 1065 2830 illa
1119 2777 1291 2833 sniMissalis
1303 2776 1458 2831 auctoritas
1471 2774 1594 2828 instituti
1609 2773 1682 2827 olim
1699 2792 1717 2829 a
1732 2778 1840 2829 stinctrs
1860 2772 1941 2827 Patri·

242 2846 337 2909 rerba,
354 2846 420 2924 quta
431 2845 461 2898 in
472 2846 575 2899 Graecis
585 2845 672 2899 stinut
681 2861 772 2900 omnes
781 2845 886 2909 iti'cnnt,
895 2845 966 2899 ritus
980 2852 1065 2902 notus
1117 2848 1180 2913 bus,
1192 2853 1222 2903 et
1234 2849 1269 2902 ab
1282 2847 1342 2918 ipso
1358 2845 1447 2917 278
1457 2845 1634 2900 sanctissimo
1645 2848 1787 2917 Gregorio
1802 2843 1939 2915 recogniti,

240 2923 283 2971 est
297 2931 331 2970 er
343 2915 466 2985 liturgiis
481 2915 573 2969 sancti
587 2915 687 2985 Marci,
706 2916 796 2970 sancti
809 2915 909 2970 iacobi
923 2920 951 2970 et
964 2917 1064 2972 simiti-
1118 2920 1195 2990 quod
1210 2918 1297 2973 etiam
1318 2917 1412 2971 videre
1427 2922 1470 2971 est
1483 2914 1595 2971 in0Cod.
1612 2933 1683 2971 mss.
1704 2916 1842 2983 liodradi,
1857 2918 1941 2971 eilia·

238 2985 341 3054 bus,in
354 2987 457 3057 quibus
470 2987 592 3057 populns
605 2986 892 3056 dicitliprt‘eetetson.
904 2990 936 3041 ln
948 2987 1065 3059 liturgia
1118 2990 1199 3045 tuidi.
1217 2990 1273 3045 Sed
1288 2990 1407 3043 tandem
1426 2986 1568 3042 institutio
1592 2992 1720 3045 mutata.
1927 3053 1941 3065 ..

239 3072 307 3113 tero
322 3062 413 3113 sancti
428 3059 511 3112 toan.
523 3058 726 3128 Chrysostomi,
742 3059 856 3124 chorus,
871 3074 933 3128 quse
945 3075 997 3113 tor
1011 3066 1065 3115 boc
1154 3062 1197 3116 lt).
1211 3060 1386 3116 Postmodum
1398 3059 1502 3113 dicitur
1513 3064 1619 3113 oratio.
1640 3061 1675 3115 ln
1690 3059 1748 3113 hoc
1762 3057 1854 3113 sancti
1869 3055 1942 3126 litigii

238 3126 302 3184 loco
320 3127 444 3184 sumitur
467 3144 517 3199 pro
547 3143 678 3183 universo
706 3135 779 3184 statu
801 3146 850 3183 seu
872 3129 1063 3186 ecclesiastico
1118 3131 1231 3200 Codice,
1248 3129 1618 3186 utinCodicibnsltodradi
1633 3135 1663 3184 et
1678 3129 1809 3196 natatui,
1825 3133 1943 3199 atquent

239 3215 289 3255 seu
303 3199 387 3268 laico,
401 3199 646 3271 quemadmodum
658 3204 685 3254 et
699 3216 753 3255 tux
765 3201 889 3271 papatui
897 3203 972 3255 sumi
980 3203 1064 3257 debet
1118 3203 1217 3274 Editio,
1234 3208 1264 3257 et
1275 3203 1304 3256 in
1313 3201 1419 3257 Ordine
1431 3201 1572 3266 Romano,
1588 3199 1675 3255 unica
1696 3202 1824 3256 liabetur
1842 3198 1942 3262 Oratio,

238 3269 270 3325 in
285 3270 379 3326 citatis
390 3270 523 3341 liturgiis.
539 3274 621 3336 Ouod
636 3269 739 3326 attinet
753 3273 789 3326 ad
798 3273 848 3325 illa
857 3272 987 3328 verbalit
1001 3275 1064 3329 toti·
1117 3290 1167 3329 seu
1181 3273 1306 3329 Collecta
1321 3273 1349 3327 in
1358 3271 1452 3343 priina
1464 3278 1544 3343 parte
1559 3272 1651 3327 Missae
1665 3278 1738 3327 ante
1751 3271 1942 3341 Evangelinm,

239 3342 1063 3409 maantameiiamtnristeannonantur,aliusnoianuns
1118 3360 1183 3400 raro
1202 3347 1274 3400 dua.
1293 3346 1323 3398 ln
1348 3343 1449 3399 Codice
1477 3343 1631 3397 llbemensi
1655 3344 1734 3398 duas
1757 3343 1944 3414 reperireest,

239 3418 284 3469 est
294 3429 350 3485 quo
362 3414 432 3468 olim
447 3412 530 3468 toties
542 3413 691 3469 dicebatur
705 3413 815 3470 Christe
827 3414 935 3480 enisus,
952 3414 1063 3486 quoties
1115 3432 1183 3470 raro
1195 3415 1319 3470 unicam.
1332 3414 1429 3485 ltaque
1440 3429 1496 3468 non
1511 3413 1651 3468 assentior
1663 3413 1703 3471 irs
1712 3414 1763 3485 qui
1780 3410 1944 3468 asserentia

239 3484 331 3554 Myris
344 3484 456 3550 eleisum
468 3485 517 3556 qui
531 3501 589 3540 noti
602 3484 778 3555 estamplius
793 3486 820 3540 in
831 3502 891 3551 usn,
901 3485 1062 3556 quiamodo
1116 3486 1240 3543 Ecclesia
1253 3487 1384 3541 Romana
1398 3501 1415 3540 a
1430 3485 1605 3554 temporibus
1623 3484 1797 3554 apostolicis
1813 3485 1945 3540 usitatam

239 3555 269 3611 in
283 3556 369 3612 Missa
376 3556 483 3612 Ctrute
495 3556 598 3612 cleison
608 3560 650 3611 ter
658 3558 809 3621 duntaxat,
821 3562 850 3611 et
859 3556 886 3610 lt
888 3560 948 3627 pria
957 3558 1063 3612 etetson
1117 3556 1204 3613 inisse
1216 3557 1303 3612 trium
1316 3555 1482 3613 Orationem
1492 3556 1521 3609 in
1535 3558 1588 3610 bac
1600 3556 1697 3625 prima
1707 3556 1806 3612 Missae
1821 3559 1898 3627 parte
1907 3569 1947 3609 re·

239 3628 330 3684 sexies
340 3627 490 3699 repetitur.
513 3627 613 3697 ltaque
625 3644 692 3683 cnm
706 3627 735 3681 in
762 3628 950 3683 translatione
966 3630 1063 3685 Graeca
1115 3629 1294 3694 citationem,
1318 3632 1441 3697 exceptis
1456 3627 1536 3681 l'estis
1563 3626 1740 3697 duplicibus,
1770 3628 1945 3696 totidemque

237 3699 328 3755 uisse
343 3703 522 3770 Gregortanta
533 3698 608 3753 eirca
635 3701 709 3753 lianc
726 3699 920 3767 precationem
947 3705 1062 3756 anctore
1116 3702 1206 3771 Super
1216 3701 1321 3754 obtata.
1332 3704 1360 3752 et
1372 3698 1688 3752 l‘osteomumnionein.
1699 3700 1781 3755 Olim
1791 3699 1870 3769 apud
1878 3698 1947 3751 Grai·

240 3771 360 3841 Georgio
376 3772 484 3827 Codino
499 3775 626 3825 servetur
640 3773 795 3824 modernus
806 3787 881 3839 usus,
892 3772 1005 3841 signum
1019 3776 1062 3826 est
1115 3787 1163 3826 cos
1175 3772 1300 3842 quinque
1316 3769 1466 3823 Orationes
1479 3769 1692 3840 peragebantur
1709 3777 1783 3824 aute
1795 3786 1892 3840 paceio
1902 3770 1948 3821 da·

240 3842 266 3897 ei
279 3856 315 3897 an
328 3858 411 3897 suam
426 3842 1061 3912 versionemantiquaetpuraexemplariade·
1115 3847 1186 3908 tam,
1198 3858 1284 3912 quarn
1297 3843 1469 3910 sequebatur
1483 3841 1589 3894 oblatio
1615 3841 1843 3910 mysteriorum.
1864 3840 1894 3893 ld
1913 3837 1948 3891 ri·

240 3913 337 3967 luisse.
350 3914 381 3967 ln
391 3914 480 3967 tribus
496 3912 718 3967 teroCodieiaus
731 3912 837 3966 nostris
849 3929 918 3966 mss.
933 3913 1003 3966 nibil
1018 3918 1061 3969 est
1115 3914 1181 3968 dere
1201 3918 1243 3967 est
1259 3911 1288 3966 in
1302 3911 1421 3966 concilio
1440 3910 1612 3974 Laodicena,
1634 3927 1702 3965 can.
1718 3913 1768 3981 te,
1781 3926 1872 3983 quam
1886 3909 1950 3983 qula

238 3984 457 4055 quodlinicloco
468 3982 559 4038 sancti
569 3982 697 4054 Gregorii
707 3984 882 4052 adimsetur,
893 3998 957 4037 cnut
970 3983 1059 4040 semel
1115 3983 1215 4038 mutile
1227 3983 1383 4038 admodum
1400 3987 1556 4052 aquodam
1578 3981 1637 4036 viro
1660 3985 1753 4037 docto
1777 3989 1884 4037 citatus
1899 3987 1948 4043 est,

236 4052 268 4109 in
283 4056 324 4109 ets
337 4059 450 4109 tautum
463 4055 549 4124 tigria
563 4054 662 4109 itetsm
688 4053 846 4118 brevitatis,
871 4060 903 4109 ut
925 4054 1058 4121 arbitror,
1114 4054 1258 4125 integrum
1274 4059 1332 4108 lere
1352 4054 1518 4123 producam,
1542 4057 1572 4106 ut
1587 4053 1686 4123 palam
1704 4054 1745 4108 sit
1761 4052 1861 4109 omnis
1879 4052 1950 4106 illius

239 4141 326 4182 causa
341 4125 478 4196 scriptum
491 4125 537 4179 sit.
553 4126 624 4180 Cum
648 4129 745 4179 antem
769 4131 885 4179 sanctus
908 4124 1060 4195 Gregorius
1114 4126 1344 4197 doctrinazllspi
1368 4134 1413 4175 aaa
1441 4122 1495 4175 deti
1521 4120 1577 4195 ἱθιᾳ
1605 4126 1671 4194 μετὰ
1695 4126 1747 4187 τὰς
1778 4125 1950 4197 epitimam

238 4197 338 4252 Scribit
352 4200 458 4251 littrtstt
470 4195 719 4251 cursuscursus
735 4211 792 4249 nott
819 4194 940 4263 cantari,
956 4196 1059 4251 veritas
1115 4195 1272 4260 ὶπισκσπων,
1297 4200 1342 4246 nui
1356 4203 1405 4245 scin
1420 4200 1623 4265 κατηχουμινωι
1648 4194 1739 4266 εὐχὴν
1766 4195 1950 4260 ἐπιτελεῖσθαι,

238 4266 324 4338 hujus
337 4266 486 4322 sententiae
501 4271 581 4337 patet
601 4281 635 4320 ex
652 4266 776 4336 antiquis
796 4268 957 4321 Graeeorutn
978 4266 1059 4322 litui·
1114 4272 1157 4318 itui
1171 4270 1237 4341 μετὰ
1245 4270 1274 4319 τὸ
1289 4264 1395 4328 ἐξελθεῖν
1407 4267 1701 4337 τοὺςκατιιχουμινους,
1720 4274 1776 4317 τῶν
1792 4266 1819 4318 s'u
1831 4269 1953 4341 μετανοίᾳ

237 4338 302 4410 gila,
316 4338 347 4393 in
359 4338 461 4409 quibus
470 4342 499 4391 τι
514 4337 626 4394 Christe
638 4337 740 4392 eteieun
754 4353 811 4391 nou
823 4336 973 4407 t'eperitur.
1113 4343 1160 4397 anu
1171 4339 1390 4410 ιὺχὴνγινισθαι,
1405 4340 1556 4388 καὶτούτων
1576 4337 1783 4389 παοσιλθοντων
1795 4339 1849 4390 ὑπὸ
1863 4344 1953 4410 χεῖρα,

272 4409 484 4465 [Memmium
498 4409 680 4465 tnlt'oecutetls.
694 4409 782 4478 Vulgo
794 4407 884 4462 fertur
894 4407 1059 4462 institutum
1113 4414 1158 4463 itui
1183 4410 1422 4482 ὑποχωρησάντων,
1459 4410 1539 4468 οὕτως
1571 4414 1620 4457 τῶν
1648 4416 1757 4460 πιστῶν
1797 4412 1848 4471 τὰς
1874 4409 1954 4479 cdxiii<

237 4495 299 4537 esse
315 4497 332 4536 a
346 4481 518 4550 Telesphoro
538 4494 612 4549 papa
628 4486 657 4533 ut
672 4479 718 4533 bic
735 4481 858 4550 bymnus
872 4480 1016 4550 angelicus
1028 4479 1057 4535 in
1074 4513 1095 4572 D
1111 4483 1231 4551 protatur
1243 4487 1322 4552 τρεῖς,
1337 4483 1399 4548 μίαν
1417 4480 1462 4549 μέν
1477 4497 1523 4536 τιν
1532 4482 1634 4552 πρώτην
1652 4478 1703 4530 διὰ
1721 4484 1905 4548 cinnamis
1927 4473 1955 4530 n

236 4552 322 4608 Missa
341 4556 502 4608 mutuetur.
524 4550 604 4605 lianc
624 4549 884 4605 illiinstitntiouetn
899 4551 1059 4605 attribuunt
1113 4549 1245 4625 δευτέραν,
1258 4555 1308 4630 ιιιιὶι
1317 4554 1406 4623 τρίτην
1422 4545 1468 4600 dia
1494 4552 1684 4621 apapermenus<
1702 4550 1896 4625 mileguastus,
1912 4547 1955 4601 sit¹

236 4623 406 4681 Anastasius
419 4620 651 4677 bibliothecarius
675 4621 705 4675 in
725 4622 787 4693 ejus
803 4621 884 4687 Vita,
898 4620 1058 4677 Wall'ridus

237 4694 350 4759 Strabo,
367 4695 402 4750 de
413 4694 507 4749 liebus
531 4690 727 4757 eccesiasticis,
747 4708 810 4762 cap.
826 4692 860 4745 ιι
874 4709 883 4763 ;
896 4693 1057 4749 amalarius

236 4764 419 4845 Fortunatus,
435 4763 484 4820 lib.
497 4779 528 4820 nt
545 4765 580 4819 de
594 4764 660 4829 Oli,
675 4762 861 4833 eecles.,cap.
872 4763 904 4830 83
919 4768 948 4818 et
961 4764 1055 4818 Meui-

236 4851 301 4892 nus.
317 4839 353 4892 dc
362 4837 450 4901 diurn,
464 4835 530 4900 tiu,
542 4851 604 4905 cap.
616 4836 693 4900 Quid
704 4834 864 4905 amaricent
875 4835 1055 4901 aestimarim

225 4907 284 4979 uui
297 4912 405 4973 minen,
416 4909 517 4963 eodem
526 4906 609 4972 libro,
621 4923 684 4976 cap.
700 4921 772 4975 seq„
784 4905 825 4960 ait
836 4905 1056 4977 buncbymnum

235 4985 336 5105 postea
350 4985 467 5033 auctum
479 4977 567 5031 tuisse
577 4983 606 5032 et
619 4983 853 5033 consummatum
865 4993 884 5032 a
897 4976 1056 5038 sanctelli-

247 5066 308 5111 arno
323 5049 503 5106 Pictaviensi.
515 5050 596 5113 Quod
616 5049 639 5103 si
654 5049 695 5103 ita
722 5053 775 5113 cst,
798 5050 910 5104 uidetur
922 5046 1056 5105 Alauinus

271 5178 375 5231 inane
391 5175 411 5229 l.
424 5190 463 5239 11,
479 5172 539 5228 ind.
558 5174 584 5237 2,
596 5172 676 5243 epist.
694 5174 735 5225 12.
751 5172 885 5226 Caeterum
900 5171 983 5244 hujus
998 5171 1054 5243 epi·

233 5252 310 5303 storea
322 5262 402 5300 ιιιιιιι
416 5264 469 5298 itan
482 5260 554 5297 reete
568 5249 709 5297 assecutus
737 5244 798 5295 turibi
828 5244 932 5296 videtur
947 5244 1053 5297 blenar-

233 5320 294 5373 dus.
310 5320 475 5373 Memaeinia
491 5331 609 5384 unquam
637 5327 802 5383 coitquesins
828 5322 869 5367 est
893 5316 1054 5384 Gregoriinn

232 5393 443 5458 Constanunop.
476 5387 623 5441 Ecclesiam
652 5400 769 5439 suluisse
798 5400 959 5455 opprimere,
981 5386 1053 5439 iliius

231 5464 303 5519 situs
314 5459 520 5521 emendicando,
542 5468 569 5512 et
584 5474 611 5510 tn
638 5457 787 5510 itomanam
812 5456 959 5509 Ecclesiam
979 5454 1053 5510 inne·

231 5533 332 5601 tiendo,
348 5548 409 5587 cuni
425 5532 452 5584 id
472 5529 564 5601 potina
586 5529 730 5582 Constant.
757 5524 816 5581 sedi
837 5527 905 5580 larci
920 5528 1051 5597 perbono·

1112 4622 1191 4682 οὑτως
1216 4626 1262 4679 τὴν
1287 4615 1592 4693 inpudentissima
1620 4623 1673 4683 est,
1706 4624 1794 4691 quod
1820 4623 1955 4692 oporteat

1111 4708 1239 4748 seorsum
1253 4691 1390 4762 primum,
1410 4694 1475 4763 post
1488 4689 1687 4770 episcoporum
1701 4707 1868 4749 sermones
1883 4698 1958 4748 cate·

1110 4760 1957 4832 chomanorumOrationumperagr,etpostcatechumeno·

1110 4851 1174 4890 rum
1184 4850 1341 4899 excessum,
1353 4832 1553 4903 paenitentiam
1564 4830 1626 4886 lieri
1634 4832 1817 4890 Orationem
1831 4851 1839 4901 ;
1852 4842 1957 4891 etcum

1111 4905 1140 4960 bi
1153 4905 1204 4960 sub
1220 4921 1338 4959 manum
1355 4901 1536 4967 accesserint,
1552 4908 1580 4958 et
1594 4904 1793 4973 excesserint,
1810 4912 1873 4963 tres
1889 4906 1959 4961 lide·

1110 4976 1180 5032 lium
1200 4992 1298 5046 preces
1308 4974 1379 5039 lieri,
1397 4992 1484 5029 unam
1497 4975 1615 5045 quidem
1638 4973 1756 5030 scilicet
1770 4978 1911 5047 primam
1923 4976 1958 5031 si·

1110 5047 1208 5114 lentio,
1220 5054 1377 5103 secundam
1389 5052 1521 5101 autemut
1534 5044 1649 5100 tertiam
1664 5043 1753 5101 clara
1764 5064 1841 5105 soce
1855 5049 1960 5122 imple

1109 5170 1203 5226 tabant
1231 5171 1292 5242 ejus
1307 5170 1423 5241 patroni,
1439 5167 1785 5239 constantinopolitanam
1798 5173 1960 5229 Ecclesiam

1108 5244 1258 5313 oppriniere
1298 5250 1325 5295 et
1352 5241 1468 5311 spoliare
1508 5248 1661 5309 satagebat.
1699 5242 1839 5296 voluisse
1865 5254 1961 5299 lamen

1110 5313 1195 5384 ipsius
1212 5313 1308 5365 ritibus
1323 5313 1471 5365 Romanam
1487 5311 1634 5364 nectes-»ain
1650 5312 1792 5369 subalare.
1808 5317 1963 5387 sicigitur

1108 5384 1269 5454 accipienda
1289 5389 1354 5437 sunt
1381 5388 1463 5437 verba
1488 5386 1545 5436 liae
1568 5384 1683 5436 laudatae
1700 5384 1848 5453 epistolae
1862 5390 1962 5458 :Otu-

1107 5456 1187 5509 niam
1194 5455 1349 5509 Ecclesium
1363 5454 1454 5509 Consi.
1466 5452 1586 5522 disponit
1603 5454 1816 5523 cuiitpiu'ntcre,
1831 5464 1884 5529 qni
1901 5459 1962 5532 ejus

1107 5526 1313 5581 musnctutti'nes
1329 5540 1379 5595 pei·
1404 5524 1498 5579 omniu
1511 5523 1647 5593 sequitur.
1670 5528 1767 5586 Onesi
1787 5530 1962 5585 diceretur:

229 5605 348 5663 stacam.
365 5601 419 5658 Sed
432 5601 557 5659 nonnulli
571 5598 658 5654 innati
670 5600 736 5655 sant
760 5597 921 5668 Gregorium
933 5613 964 5651 eo
989 5595 1049 5668 ipso
1110 5597 1184 5655 Ecce
1197 5594 1246 5668 qui
1257 5597 1388 5653 Matutine
1404 5596 1464 5652 GP.
1483 5594 1685 5665 intensissimus
1699 5603 1759 5662 cst,
1778 5612 1848 5654 euni
1866 5608 1963 5657 cainan

230 5680 350 5747 tempure
372 5690 426 5746 quo
450 5673 503 5729 Gl’.
532 5669 691 5803 &diarchus
720 5668 863 5740 proliacum
889 5667 1049 5724 oecumeuici
1099 5666 1492 5744 nomresummuutittt‘t,ep'ut
1500 5665 1776 5729 utinamutinam
1786 5670 1967 5737 Ecclesium

229 5745 339 5826 titutum
357 5743 532 5829 usurpantio
552 5740 678 5819 stautai,
698 5747 734 5817 et,

760 5746 790 5797 ut
803 5739 936 5799 immento
956 5734 1049 5798 cuni·
1102 5737 1276 5817 subjicienda.
