4136 6180
175 374 179 381 ,
230 300 288 370 803

847 293 980 362 SANCTI
999 292 1173 389 annuenti
1193 290 1312 362 MAGNl

1780 250 1789 259 ’
1869 284 1938 364 ‘soa

231 436 370 493 lecturam
386 437 462 490 tunm
483 437 541 490 tuie
555 432 655 488 domus
676 433 820 486 ornatum.
836 432 906 489 Ant.
936 433 1056 491 Sanctus
1072 438 1096 499 Α
1112 433 1183 489 mini
1205 432 1295 488 nostri
1308 432 1372 487 iesu
1387 430 1501 499 Christi,
1528 431 1556 487 in
1571 448 1628 504 quo
1647 436 1691 490 est
1716 432 1803 499 salus,
1831 432 1892 490 nita
1909 438 1940 490 et

229 508 389 564 Alexander
409 505 457 577 qui
480 509 594 585 tenetur
612 503 639 558 iii
666 502 800 629 {incutis
816 502 862 558 hic
885 520 937 585 ‚me
960 505 1057 560 docuit

229 577 802 727 ttaeltthtt:”titulentur
813 576 1058 727 'llltlttllltt

228 720 358 792 Dignitas
372 737 439 777 iero
451 719 573 775 celestis
588 723 700 774 aeternae
712 716 896 773 sublimitatis
912 717 1052 775 subsistit.

490 807 580 879 023
595 807 627 860 ln
639 804 797 877 Evangelio.

263 898 382 1023 Autiph.
398 896 519 952 Domine
533 897 599 951 iesu
610 894 733 976 Christe,
749 910 804 975 que
819 909 866 975 me
879 893 907 949 iu
920 894 1057 976 cathedra

182 980 189 991 ’
229 974 329 1041 aposto
344 969 350 1024 i
362 968 403 1023 tui
417 970 516 1048 sedero
529 967 631 1048 iecisti,
645 973 748 1037 priests
761 966 831 1047 mihi
848 970 879 1019 ut
892 970 992 1021 mittas
1006 983 1055 1021 an·

229 1039 822 1171 ttltthltttlt‘ltltttltltl¹⁰⁰
843 1042 970 1108 ¹e¹¹¹¹’⁰‘⁰
996 1054 1056 1109 W·

424 1197 754 1253 InDnuttutiouesonctoe
761 1194 860 1250 crucis.

272 1290 346 1345 Vera.
364 1287 547 1358 llocsiguuui
574 1284 665 1340 crucis
687 1283 741 1340 erit
764 1283 793 1338 in
818 1283 900 1351 eoelo,
925 1301 989 1339 cuin
1005 1285 1058 1339 Do-

230 1360 335 1416 minus.
350 1359 469 1429 nniipt.
489 1357 705 1412 llelenasancta
716 1355 895 1411 Constantini
910 1361 1003 1412 mater
1013 1356 1058 1412 le·

229 1430 407 1503 rosolymam
419 1430 499 1501 petit,
513 1427 639 1484 alleluia.

509 1515 555 1571 Ad
570 1514 775 1571 invitatorium.

263 1602 1058 1678 Autiph.RegemmngnumDominumveniteadoremus.

265 1677 447 1749 Respcusorio
456 1676 526 1732 nude
537 1693 629 1747 supra.

265 1751 344 1821 Resp.
378 1748 462 1804 liulce
474 1748 595 1820 liguum,
609 1746 718 1801 dulcem
731 1746 855 1811 clavum,
883 1745 965 1801 dulce
990 1761 1059 1817 pon-

231 1822 284 1878 dus
317 1820 460 1886 sustinuit,
485 1835 549 1890 quia
576 1818 664 1943 digna
698 1817 752 1871 suit
787 1822 907 1899 portare·
935 1817 1058 1899 pretium

231 1892 319 1965 hujus
346 1891 453 1948 saeculi.
494 1892 570 1947 l'ers.
603 1891 660 1944 loc
688 1888 802 1960 signum
833 1904 923 1944 crucis
948 1887 1003 1943 erit
1029 1905 1059 1942 in

230 1966 389 2029 coelo,cum
417 1961 555 2016 Dominus
577 1962 614 2015 ad
639 1958 831 2031 judicandum
846 1958 965 2014 venerit.
989 1957 1058 2027 Quae

232 2035 329 2107 digua.
344 2037 422 2105 Resp.
440 2035 497 2088 lloc
511 2048 625 2105 signum
640 2030 732 2085 crucis
756 2031 810 2086 erit
839 2031 867 2085 in
893 2029 975 2089 coelo.
992 2047 1059 2085 cum

233 2107 372 2164 Dominus
396 2106 431 2160 ad
452 2105 640 2176 judicandum
668 2103 785 2158 venerit.
801 2103 878 2156 l'unc
904 2101 1059 2156 manifesta

232 2175 603 2235 eruntab'scouditacordis
626 2175 725 2228 nostri.
758 2174 831 2228 Vera.
857 2175 926 2227 Cum
953 2172 1060 2228 sederit

231 2250 320 2305 Filius
346 2248 472 2303 hominis
487 2247 514 2300 iu
530 2247 598 2301 sede
624 2244 779 2316 llajestatis
802 2260 870 2307 suae,
898 2249 926 2300 et
940 2245 1060 2313 coeperit

227 2321 359 2395 judicare
373 2318 509 2374 saecutuni
524 2317 690 2397 perignem.
703 2316 790 2370 Tunc.
805 2315 882 2386 flesp.
898 2316 1002 2370 OCrux
1012 2315 1059 2369 bc·

232 2392 356 2459 nedicta,
392 2406 433 2444 un
448 2389 509 2443 sola
526 2387 603 2442 luisti
629 2385 717 2457 digna
732 2390 843 2456 portare
871 2387 975 2456 Regem
1000 2400 1059 2440 ece·

231 2463 325 2519 lorum
341 2466 370 2515 et
406 2460 549 2514 ominum.
566 2459 637 2513 Veri.
654 2455 721 2511 ltihi
735 2461 832 2512 autom
845 2455 1057 2528 absitgtoriari,

232 2532 287 2589 nisi
302 2533 331 2588 in
342 2547 423 2587 cruce
440 2528 555 2586 Domini
572 2527 662 2584 nostri
677 2529 742 2583 iesu
757 2527 875 2584 Christi.
894 2529 962 2594 Quae
978 2527 1053 2585 sola.

232 2605 310 2674 Resp.
327 2603 349 2658 0
372 2620 439 2659 crux
456 2599 623 2674 gloriosalo
646 2615 714 2654 crux
730 2599 899 2654 adoranda!
916 2616 932 2654 o
947 2599 1057 2671 lignum

251 2675 398 2741 retiosum,
411 2679 438 2730 et
451 2670 631 2728 immutabile
644 2670 768 2743 signum,
786 2686 837 2752 per
859 2671 935 2741 quod
950 2676 979 2726 et
994 2670 1059 2726 dia·

231 2693 369 2802 ictuscst
387 2746 509 2811 vinctus,
527 2749 556 2797 et
580 2744 706 2798 mundus
730 2741 833 2797 Christi
854 2741 993 2813 sanguine
1015 2757 1059 2797 re-

232 2818 298 2875 dem
320 2822 374 2872 tus.
397 2819 471 2872 l'ers.
487 2816 574 2873 Dulce
589 2814 706 2896 liguum,
718 2813 962 2877 dnlccmclaium,
976 2812 1059 2868 dulce

232 2836 343 2961 polius
359 2886 503 2952 sustinuit,
519 2902 583 2957 quie
599 2888 686 2955 iligna
713 2884 767 2939 suit
794 2890 909 2955 portare
936 2883 1057 2954 pretium

232 2959 432 3043 huJ'ussaeculi.
449 2957 592 3027 l'erquod.
610 2959 688 3026 desp.
706 2956 727 3011 0
742 2971 811 3010 crux
830 2953 1018 3011 admirabilis.
1028 2954 1057 3009 in

232 3049 313 3103 cuius
326 3030 414 3085 ruinis
426 3028 560 3099 pependit
572 3026 724 3082 thesaurus
747 3031 776 3081 et
789 3025 946 3097 redemptio
972 3024 1060 3096 capti·

234 3119 345 3157 ioruin.
360 3103 412 3156 Per
426 3117 510 3170 queiii
528 3099 652 3152 muudus
676 3102 720 3151 est
739 3098 905 3178 redemptus
920 3112 1059 3167 sanguine

1111 503 1281 561 resurrectio
1305 506 1412 567 nostra,
1457 519 1489 559 er
1514 520 1598 585 quem
1636 504 1735 562 salvati
1764 510 1793 561 et
1825 505 1940 562 liberati

1111 592 1220 631 sumus.
1236 576 1303 630 Ant.
1321 574 1395 630 Crux
1409 519 1501 630 strictis
1518 580 1712 641 iuteromnes,
1726 578 1939 633 arborunnno·

1111 646 1277 714 hilis,nulla
1292 646 1370 717 sylva
1386 644 1473 701 talam
1499 646 1605 716 profert
1634 648 1746 711 fronde,
1772 648 1851 711 tiore,
1873 664 1939 719 ger·

1111 718 1299 774 mine:dulce
1315 716 1435 787 liguum,
1450 717 1563 773 dulcem
1572 719 1695 786 clavum,
1720 718 1802 774 dulce
1826 721 1940 791 pondus

1110 788 1265 845 sustineus.
1277 789 1348 843 Aut.
1364 787 1448 843 Dulce
1461 786 1582 860 liguum,
1596 789 1709 845 dulcem
1721 790 1845 855 clavum,
1857 791 1940 847 dulce

1111 862 1223 932 pondus
1250 858 1404 915 sustinuit:
1421 877 1483 930 quae
1498 860 1584 932 digna
1600 860 1653 916 luit
1679 866 1792 931 portare
1813 862 1940 933 prelium

1110 931 1218 988 saeculi.
1232 932 1300 987 Aut.
1317 933 1371 986 t’er
1384 932 1499 1002 signum
1516 932 1618 996 crucis,
1634 932 1669 986 de
1695 931 1817 988 inimicis
1833 933 1941 989 nostris

1110 1003 1200 1059 libera
1214 1019 1276 1068 nos,
1295 1004 1366 1057 Deus
1392 1001 1490 1069 lsrael,
1510 1003 1586 1058 allel.
1608 1004 1677 1058 Ant.
1707 1003 1796 1059 Tuam
1822 1021 1940 1062 crucem

1111 1077 1278 1137 adoramus,
1294 1072 1423 1139 Domine,
1438 1078 1518 1128 luam
1531 1074 1688 1145 gloriosam
1707 1074 1859 1131 recolimus
1873 1093 1941 1148 pas·
2049 1112 2050 1133 i

1111 1146 1232 1202 sionem.
1262 1145 1392 1201 Miserere
1415 1145 1517 1213 nostri,
1537 1145 1585 1217 qui
1612 1163 1712 1217 passus
1726 1162 1756 1203 es
1780 1147 1939 1217 pronubis.

1110 1219 1181 1274 Ant.
1197 1216 1317 1288 Lignum
1331 1214 1404 1281 iiie,
1430 1232 1498 1271 crux
1517 1221 1576 1284 tua,
1602 1216 1734 1282 Domine,
1751 1217 1940 1274 manifestata

1112 1294 1170 1355 est,
1183 1303 1261 1343 mors
1273 1286 1349 1342 enini
1367 1303 1415 1357 per
1437 1286 1527 1358 ipsam
1541 1289 1679 1343 damnata
1700 1294 1753 1356 est,
1768 1295 1797 1345 et
1813 1291 1942 1345 mundus

1112 1359 1207 1415 omnis
1217 1358 1370 1430 peripsam
1391 1358 1571 1416 illuminatus
1594 1364 1646 1415 est.
1673 1360 1860 1431 Omnipotens
1885 1364 1941 1417 Do·

1112 1431 1201 1496 mine,
1214 1429 1305 1502 gloria
1318 1428 1379 1484 tibi.
1394 1430 1462 1486 Ant.
1478 1432 1569 1502 Super
1581 1431 1764 1503 omnialigna
1774 1433 1939 1497 cedrorum,

1112 1502 1143 1558 tu
1158 1501 1220 1558 sola
1234 1499 1380 1568 excelsior,
1392 1500 1420 1555 in
1435 1518 1492 1573 qua
1507 1501 1566 1557 sita
1580 1502 1680 1557 muudi
1689 1503 1834 1574 pependit,
1845 1503 1873 1558 in
1883 1521 1943 1576 qua

1113 1573 1241 1631 Christus
1262 1571 1461 1642 triumpharit,
1482 1576 1511 1629 et
1536 1589 1613 1629 mors
1637 1579 1760 1630 mortem
1783 1575 1940 1657 superarit,
2050 1596 2051 1615 i

1113 1643 1273 1701 atteiam.
1303 1647 1421 1700 Crucem
1450 1648 1528 1700 tuam
1555 1645 1722 1711 adoramus,
1750 1647 1881 1713 Domine,
1911 1650 1943 1702 et
2050 1640 2051 1663 ¹

1113 1714 1488 1772 sanctamresurrectioneui
1512 1721 1593 1771 tuam
1617 1716 1769 1772 leodoinus
1792 1716 1944 1799 etglorih-

1076 1797 1098 1858 Β
1114 1803 1222 1844 camus.
1240 1787 1308 1842 Ecce
1322 1785 1399 1842 euim
1412 1790 1526 1858 propter
1537 1803 1649 1843 crucem
1666 1788 1743 1844 venit
1756 1789 1897 1860 gaudium
1911 1790 1942 1844 in

1115 1858 1246 1915 universo
1262 1857 1459 1912 mandarint.
1471 1860 1633 1914 hdoramus
1648 1864 1685 1915 te.
1714 1859 1836 1919 Christe.
1852 1864 1880 1916 et
1895 1860 1944 1915 hc·

1114 1930 1273 1986 nedicimus
1300 1928 1361 1993 tibi,
1381 1928 1449 2000 quia
1478 1946 1528 2000 per
1555 1946 1667 1986 crucem
1686 1934 1767 1987 tuam
1792 1930 1943 1987 redemisti

1114 2000 1346 2057 muudumrlot.
1375 2000 1396 2055 0
1422 2017 1490 2055 crux
1516 2002 1673 2064 benedicta.
1700 2002 1766 2073 quia
1789 2002 1818 2059 in
1845 2007 1873 2058 te
1895 2019 1941 2074 pc·

1115 2073 1213 2143 pendit
1223 2070 1355 2127 Salvator
1369 2072 1478 2137 mundi,
1493 2077 1522 2127 et
1534 2073 1563 2127 in
1578 2078 1605 2128 te
1618 2072 1805 2145 triumphavit
1816 2074 1874 2129 Rex
1887 2090 1942 2128 an·
2051 2108 2052 2113 κ

1112 2140 1474 2215 geloruui,alleluia.1tiit.
1492 2146 1559 2199 Ecce
1572 2144 1681 2216 lignum
1696 2144 1796 2211 crucis,
1827 2144 1856 2199 in
1869 2162 1941 2226 quo·
2051 2192 2052 2197 ,

1113 2215 1190 2272 salus
1211 2214 1311 2269 mundi
1334 2213 1468 2295 pependit
1484 2215 1602 2281 saeuite,
1618 2217 1785 2272 adoremus.
1814 2216 1936 2287 Astigi.

1112 2286 1186 2342 Crux
1200 2287 1266 2341 Jesu
1281 2284 1385 2340 Christi
1398 2286 1546 2357 adaperiat
1556 2286 1637 2343 nobis
1646 2289 1753 2358 januas
1767 2286 1842 2343 creti.
1856 2287 1940 2352 Crux,

1112 2355 1343 2414 solverinculum
1360 2357 1538 2429 mortis;per
1552 2357 1606 2413 hoc
1623 2357 1685 2414 vitre
1700 2358 1718 2413 li
1740 2374 1810 2414 num
1824 2358 1848 2413 si
1891 2375 1940 2413 uin

1112 2428 1259 2554 sitpaputis
1275 2432 1387 2483 nostre.
1404 2428 1528 2485 Defende
1544 2444 1607 2494 nos,
1628 2432 1693 2486 lesu
1714 2376 1836 2496 Chiiste,
1873 2429 1901 2485 ic
1914 2432 1943 2485 et

1112 2516 1142 2556 in
1169 2515 1263 2555 uuro.

1147 2589 1186 2645 Dc
1198 2595 1290 2645 iuncto
1315 2588 1462 2647 Mauricio.
1475 2619 1508 2630 -
1526 2589 1691 2661 Antiphone
1713 2592 1744 2645 iii
1762 2591 1908 2647 matutinis

1450 2659 1601 2716 Laudibus.

1146 2765 1261 2838 Actipli.
1276 2767 1399 2822 Sanctus
1412 2765 1558 2822 llauritiua
1569 2766 1711 2839 legionem
1726 2772 1857 2823 sanctam
1872 2784 1948 2840 prm·
2052 2772 2053 2823 ξ

1112 2837 1235 2901 monuit,
1252 2838 1332 2892 utad
1356 2836 1484 2893 coelestia
1508 2854 1597 2909 regua
1621 2844 1817 2911 properarent.
1835 2843 1943 2896 Beatus

1113 2908 1269 2979 Exuperius
1292 2908 1383 2973 miles,
1406 2909 1551 2964 Candidus
1575 2915 1604 2965 et
1630 2911 1733 2975 Victor,
1755 2910 1863 2982 junctis
1878 2925 1945 2968 me·

1112 2980 1185 3044 ritis,
1202 2997 1232 3036 se
1245 2980 1434 3035 sociaverunt.
1444 2981 1513 3035 Ant.
1525 2981 1631 3036 Sancta
1643 2981 1715 3053 legio
1725 2982 1945 3054 huganensiurn

1115 3050 1354 3179 [agaunensiumj
1383 3055 1552 3123 martyrum,
1575 3052 1643 3107 durii
1672 3053 1816 3109 resisteret
1843 3055 1945 3109 adver·

1091 3140 1207 3187 .anriis,
1223 3139 1303 3178 sacro
1352 3138 1402 3177 ucc
1426 3123 1555 3179 llauritio
1579 3123 1794 3190 interveniente,
1822 3124 1946 3179 inimor-

234 3171 350 3228 D⁰¹¹¹i¹¹i
364 3171 417 3226 ⁵¹¹⁵·
442 3170 550 3225 ΜΟ
565 3167 716 3223 ¹⁸⁰dabi¹i⁸
728 3185 807 3233 Μ’
824 3185 885 3239 ‘¹¹¹ae
899 3184 926 3222 ¹¹¹
942 3184 1060 3239 mmm
1076 3163 1098 3219 (⁴
1114 3194 1234 3249 talitatis
1253 3194 1455 3265 compendium
1482 3193 1686 3265 acquisierant.
1705 3196 1776 3253 Ant.
1812 3195 1945 3252 Pretiosa

234 3244 336 3301 Christi
349 3243 527 3298 dedicataes.
540 3240 578 3295 lix
591 3256 653 3312 ejus
661 3241 857 3295 membrorum
872 3255 1058 3310 componens.

543 3328 578 3384 Iu
591 3329 749 3386 Moluliuis.

268 3420 386 3490 Artigi.
403 3418 510 3474 Helena
524 3417 705 3473 Constantini
719 3422 822 3475 mater.
838 3422 869 3472 ut
879 3433 977 3488 snpra.
991 3418 1060 3475 Ant.

232 3493 341 3549 Helena
356 3490 496 3548 desiderio
511 3490 595 3561 plena
605 3491 709 3545 orabat
720 3505 785 3544 cum
795 3487 930 3560 lacrymis
945 3489 1058 3544 dicens:

233 3567 283 3631 Tu,
310 3563 440 3628 Domine,
464 3563 581 3617 ostende
596 3561 614 3615 ti
637 3577 704 3615 uum
732 3561 762 3615 in
785 3576 842 3631 quo
859 3558 936 3616 salus
961 3563 1061 3615 nostra

233 3636 288 3691 tuit
301 3650 449 3706 suspensa,
459 3632 553 3698 allel„
566 3578 639 3687 illei.
652 3632 723 3687 Ant.
736 3631 1061 3702 Tuucproecepitomnes

231 3707 239 3763 i
261 3724 296 3763 ne
311 3704 432 3763 cremari
449 3712 496 3771 ;et
509 3704 549 3758 illi
578 3707 707 3759 tenentes
731 3702 912 3758 tradiderunt
939 3703 1056 3758 tudam.

259 3785 299 3834 nt.
320 3779 427 3833 llclena
444 3779 543 3831 sancta
558 3774 674 3830 dixitad
688 3775 793 3830 iudam
804 3789 809 3827 :
821 3772 938 3843 Comple
952 3773 1062 3829 deside·

231 3850 306 3906 riuni
321 3847 539 3912 meum,etiivc
552 3850 767 3917 superterram,
784 3848 814 3900 ut
829 3844 964 3899 ostendas
988 3842 1061 3901 mihi

232 3937 317 3993 supci·
343 3924 450 3976 terrum
466 3918 513 3990 qui
529 3917 632 3973 dicitur
657 3916 795 3972 Calrariae
821 3915 927 3981 locum,
944 3916 990 3970 ubi
1014 3916 1062 3969 ab·

232 3991 395 4049 sconditum
408 3998 449 4047 est
465 3989 619 4061 pretiosum
646 3986 755 4058 tignum
782 3986 970 4049 dominicum,
995 3986 1061 4041 alle-

232 4063 301 4118 luia.
313 4065 379 4118 Ant.
396 4063 471 4117 hlors
486 4066 514 4116 et
538 4061 594 4115 iila
609 4060 749 4130 appositae
763 4062 830 4115 sunt
846 4058 908 4125 tihi,
922 4057 994 4124 vide,
1015 4074 1063 4113 os·

233 4136 319 4192 tende
329 4134 401 4190 mihi
416 4150 530 4189 crucem
546 4131 662 4189 Christi.

552 4239 586 4294 In
601 4237 743 4309 Eoogeiio.

268 4346 383 4417 Antipli.
405 4348 531 4415 Cumque
557 4344 732 4400 ascendisset
754 4343 843 4397 Judas
857 4343 893 4397 de
911 4342 984 4405 lacu,
1002 4345 1065 4412 per·

233 4419 308 4476 rexit
322 4418 358 4472 ad
374 4417 476 4476 locum,
496 4415 541 4470 ubi
560 4415 678 4485 jacebat
698 4418 799 4469 sancta
825 4429 904 4479 crux,
929 4412 1057 4469 alleluia.

232 4492 301 4546 Aut.
318 4487 424 4543 Orabat
435 4486 532 4549 ludas,
548 4485 621 4540 Deus
636 4485 709 4539 Deus
733 4499 824 4550 meus,
851 4483 968 4539 ostende
991 4483 1061 4539 mihi

1114 3270 1182 3321 suut
1212 3264 1396 3321 Tbcbaeorum
1430 3270 1589 3338 martyrum
1623 3267 1771 3322 vulnerata
1799 3266 1941 3338 [vulnera]

1115 3335 1207 3393 sancti
1219 3335 1341 3392 ltauritii
1352 3353 1418 3392 cum
1433 3336 1517 3391 sociis
1540 3336 1608 3402 suis,
1633 3337 1681 3408 qui
1695 3339 1746 3393 sub
1770 3337 1943 3393 Maximiano

1115 3412 1239 3464 mortem
1251 3409 1435 3465 decreverunt
1446 3408 1600 3479 suscipere.
1614 3409 1686 3464 Ant.
1706 3411 1773 3465 licce
1793 3409 1885 3464 iactus
1899 3412 1946 3465 est
2053 3414 2054 3471 ζ

1115 3495 1195 3535 sacer
1210 3478 1485 3550 illehuganensium
1511 3478 1749 3553 [Agaunensium]
1774 3480 1864 3544 locus,
1892 3496 1946 3551 per

1115 3550 1252 3622 suffragia
1268 3554 1434 3605 sanctorum
1461 3549 1538 3605 salus
1562 3551 1754 3621 presentium,
1777 3551 1947 3633 presidium

1118 3622 1292 3678 futurorum.
1312 3622 1379 3677 Aut.
1393 3622 1563 3677 Sanctorum
1577 3637 1698 3692 corpora
1711 3638 1784 3678 sacri
1794 3621 1946 3694 sanguinis

1116 3695 1194 3748 unda
1204 3691 1338 3763 perfudit,
1355 3692 1546 3763 pretiosorum
1563 3698 1725 3764 martyrum
1742 3694 1864 3749 societas
1876 3709 1946 3748 con·

1115 3763 1246 3820 secrevit.
1261 3764 1342 3828 Quod
1354 3766 1433 3819 novit
1448 3764 1591 3829 Redouus,
1607 3763 1636 3818 in
1648 3765 1803 3836 pugnando
1818 3763 1941 3835 reiugit.

1115 3836 1185 3892 Ant.
1205 3835 1358 3906 Flagrabat
1373 3835 1401 3890 in
1427 3834 1600 3890 beatissimis
1615 3835 1788 3908 martyribus
1802 3835 1945 3909 gloriosus

1116 3907 1196 3971 odor,
1212 3907 1279 3977 quia
1292 3905 1426 3961 trucidati
1442 3906 1528 3974 terro,
1552 3905 1633 3961 collis
1646 3907 1805 3971 submissis,
1821 3923 1838 3961 a
1859 3905 1947 3964 blaxi-

1116 3977 1215 4032 miauo
1226 3977 1437 4047 peremptisunt
1480 3993 1531 4032 iios
1542 3978 1869 4050 multitudoangeiorum
1880 3994 1948 4032 cona

1116 4048 1220 4121 gaudio
1234 4049 1368 4119 suscepit.
1391 4050 1458 4104 Ant.
1495 4048 1664 4120 riumphant
1687 4049 1779 4105 sancti
1802 4053 1948 4119 martyres

1117 4120 1232 4185 Christi,
1255 4121 1303 4192 qui
1326 4120 1378 4175 sub
1406 4120 1578 4177 llaximiano
1606 4125 1730 4176 mortem
1756 4122 1949 4177 decreuerunt

1117 4191 1271 4263 suscipere,
1284 4195 1312 4246 et
1332 4206 1398 4247 cum
1422 4195 1521 4247 sancto
1547 4191 1679 4247 Mauritio
1705 4208 1794 4266 regna
1814 4190 1949 4249 coeiestia

1118 4267 1298 4335 acceperunt.

1171 4370 1260 4444 825
1277 4368 1307 4424 in
1321 4368 1411 4424 notati
1425 4375 1580 4426 sauctorum
1593 4369 1695 4428 Cosmn
1709 4378 1733 4427 ct
1746 4370 1890 4428 Domiuui.

1151 4477 1267 4548 Autipli.
1293 4478 1410 4533 Cosmm
1434 4481 1464 4533 at
1492 4478 1658 4541 Damianus,
1684 4478 1823 4549 Artimus,
1857 4478 1952 4534 Leon·

231 4561 343 4632 tignum
361 4562 467 4613 sanctie
496 4556 597 4619 crucis,
622 4554 747 4610 alleluia.
774 4556 841 4609 Ant.
859 4558 929 4609 Cum
953 4559 1062 4611 orasset
1078 4522 1100 4580 D
1117 4549 1183 4615 tius,
1200 4548 1375 4619 Euprcpiua;
1393 4548 1556 4621 hiquinque
1571 4549 1674 4607 fratres
1695 4554 1786 4607 aDeo
1814 4549 1951 4607 coronali

233 4633 248 4687 J
252 4633 331 4695 udas,
344 4632 505 4685 commotus
519 4632 563 4682 ast
573 4628 652 4682 lacus
666 4625 723 4691 illc,
741 4625 769 4679 in
797 4642 854 4696 quo
869 4629 970 4681 sancta
994 4643 1061 4682 crux

230 4703 356 4776 jacebat,
371 4698 497 4756 alleluia.
513 4698 580 4753 Ant.
595 4698 664 4752 Ecce
682 4712 794 4753 crucem
820 4695 941 4761 Domini,
961 4695 1060 4769 fugito,

234 4777 328 4857 pnrtes
345 4772 480 4853 adnersoe.
493 4769 566 4825 Vicit
586 4769 644 4824 Leo
661 4767 786 4824 detribu
806 4769 889 4834 tuda,
915 4768 996 4823 radix
1010 4771 1063 4825 [la-

235 4842 610 4988 vutliiialslsiiiililuutucriiueae
625 4912 656 4968 in
676 4911 744 4981 ils.)

396 5017 486 5093 824
498 5018 699 5091 IdemAutiph.
720 5016 793 5075 uode
809 5033 902 5088 supro.

270 5129 428 5199 Antipho
449 5143 585 5199 magnum
605 5127 716 5198 pictatis
731 5124 827 5198 opust
852 5140 930 5179 mors
950 5127 1065 5179 mortua

236 5207 305 5259 tunc
318 5208 370 5265 est,
382 5201 497 5271 quando
510 5199 539 5254 in
552 5199 604 5253 hoc
614 5198 691 5270 liguo
706 5202 820 5252 mortua
834 5195 892 5252 sita
907 5195 974 5254 tuit.
989 5197 1060 5252 Aut.

236 5275 321 5330 Salia
336 5288 398 5335 nos,
415 5271 523 5327 Ciuiste
533 5269 674 5334 Salvator,
692 5286 741 5339 per
756 5268 890 5323 virtutem
900 5266 1002 5332 crucis,
1015 5266 1064 5337 qui

237 5345 354 5401 salvasti
367 5347 478 5399 Petrum
495 5346 522 5396 in
535 5341 618 5405 uiuri,
635 5341 771 5395 miserere
784 5339 878 5393 nobis.
890 5340 956 5394 Ant.
965 5339 987 5393 Ο
996 5355 1065 5393 crux

237 5415 426 5479 admirabilis,
440 5413 585 5469 evacuatio
600 5411 732 5473 vulneris,
760 5409 902 5465 restitutio
915 5409 1059 5466 sanitatis.

232 5489 370 5545 Aut.Nos
385 5490 481 5541 autern
494 5484 611 5555 gloriari
633 5488 753 5552 oportet.
777 5480 847 5535 Ant.
880 5482 953 5561 Crux
980 5481 1064 5535 bene·

239 5560 316 5615 dicta
343 5560 424 5621 nitet,
451 5556 590 5611 Dominus
617 5571 675 5625 qua
693 5566 779 5607 carne
808 5550 952 5621 pependit,
979 5555 1065 5621 atque

239 5647 340 5686 cruore
354 5646 405 5685 suo
421 5627 539 5682 vulnera
550 5628 649 5681 nostra
664 5622 819 5678 lavitdut.
848 5624 966 5676 Crucem
983 5625 1065 5676 tuum

240 5703 407 5765 adoramus,
422 5697 551 5760 Domine,
562 5700 729 5753 etsanctam
746 5691 985 5747 resurrectionem
1004 5691 1064 5748 lau-

1115 4625 1191 4677 sunt.

1151 4692 1241 4764 (Deest
1255 4689 1328 4746 liaeo
1342 4708 1372 4747 sn
1382 4691 1449 4764 lis.)

1114 4798 1282 4872 Antiphone
1305 4805 1330 4856 et
1345 4799 1535 4870 Reapoosoriu.
1562 4800 1643 4855 -lii
1665 4799 1872 4874 vigiliusaucti
1890 4799 1951 4858 Ni·

1364 4869 1472 4937 cbaetis,
1496 4871 1532 4926 ud
1556 4870 1693 4945 Vesperies.

1158 4978 1230 5035 Vera.
1244 4977 1329 5034 Stetit
1338 4977 1551 5050 angelussupcr
1565 4995 1646 5037 aram
1661 4978 1771 5052 templi.
1784 4980 1852 5035 Aut.
1870 4978 1951 5034 Dum

1117 5066 1230 5105 sermm
1248 5049 1415 5105 misterium
1439 5054 1570 5106 cerneret
1595 5052 1730 5115 loannes,
1754 5050 1951 5123 archangelus

1117 5120 1235 5177 llicliael
1246 5108 1425 5176 tuhacecinit
1440 5138 1446 5176 :
1461 5121 1590 5191 lgnosce‚
1607 5123 1726 5179 tlomine
1739 5122 1815 5178 Deus
1829 5126 1945 5179 noster.

1117 5191 1269 5336 qufflpepip
1278 5192 1542 5331 imqm'pftpwlm
1556 5191 1704 5266 signacula
1717 5194 1790 5267 ejus,
1811 5192 1946 5250 alleluia.

1192 5280 1232 5319 ees
1271 5280 1376 5319 ineam
1421 5280 1443 5317 s.

1400 5369 1446 5424 Ad
1456 5371 1659 5429 louitowiinm.

1153 5477 1269 5550 Antipti.
1284 5476 1390 5550 Regem
1405 5476 1644 5551 archangelorum
1672 5476 1827 5536 Dominum
1855 5475 1952 5536 venite

1119 5550 1281 5606 adoremus.
1302 5550 1368 5604 dut.
1388 5549 1472 5606 Stetit
1485 5551 1602 5623 angelus
1630 5567 1715 5623 super
1741 5568 1819 5607 aram
1834 5549 1949 5622 templi,

1119 5619 1227 5677 habeus
1242 5619 1419 5676 thuribulum
1447 5638 1565 5678 aureum
1582 5622 1610 5678 in
1626 5638 1716 5679 manu
1728 5640 1791 5679 sua.
1816 5623 1884 5678 Psoi
1916 5622 1951 5677 ln

1119 5690 1243 5748 Domino
1259 5691 1385 5748 conlido.
1412 5694 1480 5749 Ant.
1496 5693 1631 5750 Ascendit
1657 5693 1754 5750 tumus
1780 5696 1948 5750 aromatum

239 5772 379 5827 damuset
392 5768 597 5842 glorificamus,
612 5766 679 5837 quia
691 5762 855 5821 venitsalus
872 5761 901 5817 in
928 5761 1058 5820 universo
1113 5761 1143 5818 in
1153 5780 1222 5820 cons
1259 5767 1306 5819 ctu
1321 5762 1441 5827 Domini,
1454 5765 1489 5820 de
1500 5764 1706 5836 munuangeli.
1719 5764 1800 5822 Psoi.
1810 5764 1948 5833 Domine,

240 5841 359 5905 mundo.
372 5842 438 5897 Ant.
455 5842 511 5897 ttos
526 5842 618 5896 auten
627 5835 742 5911 gloriari
753 5832 904 5910 oportetin
916 5848 999 5892 cruce
1007 5837 1060 5893 Do·
1113 5834 1177 5909 quis
1184 5834 1222 5894 ha
1242 5833 1934 5913 itabit.Aut.llichaelarchangelusrenitinadiii
