4052 6186
83 200 138 277 set
357 192 364 199 '
477 200 514 273 st
534 194 701 273 euersas
720 202 903 281 uomsuu
923 192 1213 295 mutassemus
1232 208 1415 279 saeuus.
1737 203 1794 287 eei

83 346 182 401 tamen
194 340 535 425 precipitursmsstione
545 339 692 466 conpulsis
698 338 910 424 abstinendum.
928 346 953 409 A
967 359 1032 401 rum
1041 340 1152 410 uiuum,
1168 343 1230 401 lieet
1242 361 1276 403 eu
1289 354 1419 411 casmeta
1429 355 1536 409 saneta
1546 350 1630 409 rsisit
1639 353 1795 425 sauctitas.

83 413 165 480 Quod
189 420 276 470 etism
305 418 405 469 statuet
430 413 697 471 Foutssebssdense
724 427 793 467 suus
825 414 907 472 esst.
969 416 1147 480 tum,sieute
1166 417 1584 491 uetumisisequaebeuedicta
1597 426 1795 482 semmurum.

82 485 234 541 Pestreme
250 483 363 541 blissste
377 484 565 541 Otusiauenss
593 483 661 543 sani
684 483 914 556 assuesceretis
967 486 1041 542 citur
1051 433 1232 615 munierum.
1244 490 1352 555 Quibus
1367 491 1534 562 praemissis,
1549 492 1612 555 teme
1622 494 1719 553 subdit
1731 513 1795 568 quse

81 555 175 613 serbis
185 555 279 628 rejicit
293 556 368 612 hauc
393 554 651 620 consecrationem,
680 553 803 631 [cxxxix]
818 556 913 614 dicon·
967 555 996 613 in
1008 572 1069 615 rssn
1086 573 1138 615 ses
1167 575 1214 615 am
1225 562 1317 632 magis
1332 578 1463 633 expresse
1474 563 1583 623 tactust
1597 581 1603 619 ι
1615 566 1797 625 Mentiuntur

82 628 136 685 de:
154 626 256 685 Visum
268 643 304 683 ar
316 632 489 685 tuctusecres
496 627 663 683 Hestiaeus
677 627 914 691 eousemstumsd
967 644 1028 699 eres
1042 627 1092 699 eui
1103 628 1277 701 dicuutqsred
1292 635 1319 687 iu
1335 633 1380 689 stie
1393 635 1543 693 Pareamus
1562 652 1664 702 cosmas
1688 639 1796 695 cbristo

81 700 170 755 sesct'
234 713 278 764 ur,
294 713 326 755 es
340 698 520 755 reserandum
535 697 665 769 efficitur.
684 698 827 755 tlseteuss
848 696 913 759 libri
967 705 1142 759 esseutectu
1157 707 1247 761 mutet
1261 703 1359 763 riuum
1373 706 1595 776 iusanauimm.
1609 708 1796 767 tlteess'mette

82 770 166 828 Ritus
180 785 221 833 es,
236 768 380 840 inquibus
393 769 560 841 colligendis
572 768 666 825 lateus
678 784 793 827 mensu
811 785 913 839 parum
967 786 1073 840 cerpus,
1088 771 1135 827 sert
1145 788 1203 831 seu
1213 775 1329 843 respuis
1339 776 1720 841 sumitur;seutrumautem
1731 797 1797 838 ceu·

82 839 280 913 profecissem
289 841 536 898 observationibus
548 855 619 911 qaas
634 839 705 899 mihi
714 839 914 899 subministra·
966 842 1070 912 ficitur,
1087 857 1119 897 ss
1132 843 1253 914 queatis
1263 845 1314 901 itte
1328 846 1487 905 inveritate
1498 848 1647 905 immutata
1660 851 1715 921 suit
1729 852 1796 908 Hes·

83 911 125 971 sit
138 912 190 973 reli
212 912 289 969 'esus
303 915 332 967 et
343 912 470 968 eruditos
485 911 619 971 Claudias
633 912 670 967 ds
697 912 775 977 vert,
800 912 914 969 Clunia·
967 912 1017 976 tiu,
1034 919 1059 967 et
1075 913 1134 971 ideo
1149 930 1206 973 seu
1220 916 1533 987 immutaturiufipure.
1550 921 1612 977 Non
1629 923 1794 992 poteratis·

84 983 180 1043 censis
215 981 375 1054 heolepius.
967 985 1055 1039 cobus
1066 984 1157 1055 magis
1169 985 1314 1045 astisinate
1326 990 1499 1049 sententiani
1515 992 1711 1061 pronuntiare.

118 1056 183 1111 tom
200 1053 602 1131 veresiaucteresflhacdsre
616 1053 811 1120 consulamus,
837 1070 914 1111 cons·
1003 1054 1110 1113 Dixerit
1123 1055 1226 1129 aliquis
1247 1058 1386 1117 tacebam
1414 1065 1478 1132 pest
1503 1063 1630 1121 medium
1658 1065 1794 1127 secutum

82 1130 246 1208 pugnantes
260 1125 348 1208 etiam
364 1124 544 1207 inveniemus
554 1142 655 1208 eorum
666 1126 832 1182 sententias
850 1126 912 1207 Nun
967 1124 1229 1210 tertiumdecimum
1245 1129 1358 1194 uixisse,
1374 1148 1430 1202 quo
1445 1136 1574 1204 tempere
1584 1135 1647 1206 jasn
1664 1151 1735 1207 pene
1748 1137 1795 1192 de-

83 1196 912 1350 satattlttttttttbttut'tffitttuftttt
967 1202 1300 1333 ttttttttttbstt
1316 1201 1585 1344 {iiltlilibll
1601 1208 1794 1334 tsttmt

82 1338 208 1399 militare
234 1340 367 1397 rideatur
392 1336 484 1395 (irasci
500 1339 641 1395 nessulls.
663 1339 695 1394 lo
723 1338 766 1395 tus
791 1338 912 1397 blichael
966 1344 1175 1409 consecratam,
1192 1340 1279 1403 tuisse
1301 1345 1493 1403 necessariam
1509 1349 1545 1402 ad
1562 1348 1793 1419 supptementum

81 1410 245 1467 cerularius
270 1409 436 1482 patriarcha
459 1411 511 1465 ΟΡ.
538 1415 606 1466 aste
631 1426 723 1467 susos
751 1414 910 1473 sescentos,
966 1410 1188 1477 communionis,
1215 1430 1279 1483 qun
1307 1431 1393 1473 causo
1418 1417 1577 1486 superiores
1604 1424 1734 1477 auctores
1757 1421 1795 1477 sd

81 1483 118 1537 sb
130 1481 240 1539 Allslio
255 1481 362 1537 retatus
384 1480 414 1537 is
442 1484 566 1537 trsctutu
594 1483 629 1537 ds
655 1480 910 1552 presonctiticatia
966 1479 1041 1536 hunc
1053 1482 1301 1541 consecrationem
1316 1486 1535 1557 excogitandam
1551 1488 1672 1547 induxit.
1690 1494 1794 1547 Versus

81 1552 172 1611 credit
184 1551 359 1611 admistione
367 1550 448 1623 panis
476 1552 687 1611 ressenstitlcsti
696 1552 801 1611 mutari
811 1553 911 1609 sinum
966 1551 1063 1609 teeosi
1078 1557 1207 1624 tempore
1222 1555 1351 1617 nendum
1371 1557 1475 1628 usique
1487 1559 1626 1630 abrogata
1640 1565 1702 1617 crat
1716 1579 1793 1619 sem-

81 1624 110 1679 in
124 1623 298 1695 mugsinem
314 1622 439 1703 Domini.
455 1569 648 1705 fdemnsensst
662 1624 779 1683 Simeon
794 1623 911 1681 Thesea·
966 1623 1065 1704 musis
1080 1624 1132 1704 sub
1147 1623 1239 1681 alters
1254 1626 1355 1696 specis.
1379 1628 1486 1685 Deinde
1509 1629 1572 1686 base
1595 1632 1719 1703 objectis
1735 1649 1793 1689 nes

81 1694 246 1761 loniseusis,
262 1698 397 1777 tressmu
411 1709 494 1751 ansts
511 1695 650 1752 Mtchnsls
677 1694 806 1766 interior,
835 1696 912 1766 apud
930 1700 953 1760 Β
966 1693 1073 1750 militat
1084 1711 1113 1750 m
1128 1700 1228 1752 sancte
1243 1697 1399 1765 Resonndo,
1414 1699 1571 1773 [seqesjm
1584 1705 1715 1774 tempere
1730 1720 1793 1775 per-

81 1768 219 1823 sumdem
229 1765 377 1825 illesum.
965 1766 1115 1821 reserabat
1128 1767 1295 1825 communis
1310 1770 1363 1825 sub
1387 1776 1507 1842 atraque
1520 1772 1623 1843 specie,
1640 1790 1674 1831 es
1693 1774 1788 1832 dictis.

114 1838 159 1897 Ad
172 1839 308 1893 eamdem
328 1836 502 1893 seutentiam
517 1835 645 1893 rovocari
658 1839 752 1908 petest
764 1837 910 1908 quoddam
967 1837 1044 1891 ldem
1061 1836 1213 1893 dicendum
1228 1840 1263 1894 ds
1274 1839 1391 1910 tlugsne
1403 1842 1556 1908 Victorino,
1565 1844 1727 1901 sciscitante
1743 1863 1794 1903 sur

80 1909 114 1965 dc
128 1907 310 1965 Eucharistiae
325 1907 507 1973 sssirsculurn,
533 1909 610 1979 quod
630 1907 795 1964 llelmetdus
822 1910 911 1964 abhus
966 1906 995 1961 in
1009 1907 1055 1963 die
1071 1907 1241 1965 Parasceses
1255 1926 1310 1967 aas
1324 1920 1451 1971 sumatur
1464 1915 1579 1985 suaeuis
1591 1915 1707 1981 Christi,
1719 1914 1793 1973 sicut

79 1984 204 2036 susten
227 1995 286 2041 sue,
303 1979 390 2039 idest
413 1979 516 2035 secute
532 1996 569 2035 su
586 1978 744 2044 desinente,
774 1979 911 2039 accidisse
966 1983 992 2034 et
1006 1995 1080 2033 care.
1097 1979 1179 2046 Quod
1193 1984 1294 2037 euntes
1321 1991 1404 2047 esset,
1432 1983 1569 2043 sisinum
1598 2002 1632 2043 ex
1658 1992 1792 2044 contactu

77 2056 191 2109 namet.
208 1998 240 2106 fd
253 2067 320 2106 sero
333 2049 453 2121 contigit
465 2050 495 2107 iu
505 2051 632 2122 quedem
647 2050 790 2123 ‘turingia
805 2050 909 2131 puelle,
965 2053 1041 2130 esset
1054 2054 1279 2109 transmutatum
1293 2050 1321 2108 in
1337 2053 1518 2123 sauguinem.
1534 2057 1577 2111 bd
1592 2056 1652 2113 huc
1662 2062 1793 2115 auctores

77 2137 249 2194 qumeam,
268 2126 433 2194 susceptos
468 2122 615 2179 sacerdote
640 2120 754 2189 viatico,
781 2130 912 2192 perteus·
966 2120 1349 2178 llstualiumlibrorumnsn
1379 2126 1461 2199 pauci
1488 2130 1552 2198 pest
1572 2127 1794 2185 bseebumari·

75 2193 171 2251 mmm
187 2191 570 2251 ltucbaristiaiubisurium
586 2192 615 2248 in
650 2193 911 2251 uossseudssdats
964 2190 1065 2257 tusco,
1082 2190 1425 2251 etsieommusiesisssb
1449 2195 1648 2270 altersspecie
1667 2200 1793 2257 necessi·

74 2264 284 2321 commonicus
294 2279 473 2319 munussuss
484 2263 616 2323 abluerat
626 2209 765 2321 decidisse
780 2263 910 2323 animad-
966 2264 1056 2317 tatem
1071 2278 1128 2318 nen
1144 2263 1323 2344 admiserint,
1339 2262 1413 2322 hanc
1425 2270 1523 2324 tamen
1546 2271 1791 2328 consecrationem

74 2334 222 2399 vertisset,
235 2339 262 2390 et
279 2334 333 2390 sibi
353 2334 389 2390 ad
402 2334 557 2393 bibendum
578 2334 713 2407 jussisset
738 2334 845 2399 atterri,
868 2338 910 2392 to·
965 2349 999 2388 ex
1011 2337 1143 2391 contacta
1155 2335 1246 2391 nubile
1259 2336 1354 2397 misus
1368 2338 1565 2409 repudiarunt.

73 2412 139 2467 tam
153 2422 262 2478 aquam
277 2405 309 2460 iu
320 2407 488 2478 sanquinem
504 2409 642 2465 mutatum
668 2405 865 2477 deprehendit,
881 2411 911 2462 et
999 2405 1134 2461 tacebea
1148 2405 1272 2467 Vitsiaco
1287 2408 1400 2478 preivit
1414 2426 1471 2467 uns
1483 2411 1573 2469 terme
1584 2411 1689 2468 seculo
1701 2414 1790 2469 lesn-

72 2476 292 2550 portinucslam
301 2475 393 2548 ipsam
407 2492 518 2533 versam
530 2477 560 2535 ia
572 2483 714 2534 cruentam
721 2493 845 2534 caruem.
859 2478 910 2533 Ba·
964 2491 1015 2531 uss
1026 2475 1170 2543 Belctlsus,
1187 2477 1234 2548 qui
1250 2483 1279 2535 et
1292 2479 1352 2550 ipse
1382 2486 1536 2553 negantem
1562 2484 1791 2541 sententiarum

73 2547 244 2609 rosisstsos
259 2547 365 2603 laetum
380 2547 468 2605 relect
490 2547 521 2602 in
549 2547 606 2605 tine
621 2548 690 2605 ansi
716 2548 795 2613 ital,
822 2552 909 2619 atque
964 2548 1070 2617 quitur,
1095 2564 1128 2602 ac
1142 2549 1254 2605 satiens
1280 2550 1434 2609 coufirmat
1457 2552 1486 2607 in
1513 2570 1575 2625 sap.
1602 2555 1656 2611 uu:
1677 2554 1791 2637 Siquis

73 2621 154 2677 bane
165 2618 363 2677 narrationem
375 2618 523 2677 hosmodo
533 2618 770 2677 concluditzllac
780 2619 908 2677 detraes·
962 2625 1054 2673 eutem
1068 2620 1142 2690 repsi
1164 2636 1234 2677 uum
1247 2620 1321 2677 istud
1344 2622 1439 2679 uiuum
1462 2625 1531 2695 qued
1558 2643 1586 2682 se
1611 2626 1666 2691 die,
1683 2626 1790 2683 seilicet

71 2691 311 2746 subsecutionem
324 2692 442 2761 equein
458 2692 619 2761 seupmuem
639 2690 756 2755 (tter-isti,
775 2706 826 2767 per
839 2706 908 2747 esus·
961 2688 1139 2754 Parasceses,
1158 2693 1283 2748 sumitur
1304 2708 1336 2748 ez
1352 2693 1492 2751 Dumium
1517 2698 1641 2768 corperis
1666 2705 1789 2757 aarum

71 2761 350 2819 mutuaenutuae·
364 2761 717 2833 superastareteesteuc.
726 2762 908 2833 queaseuper
962 2765 1463 2834 musecretur,quemsueompturiuss
1473 2768 1576 2839 scripta
1587 2768 1659 2827 illuct
1667 2784 1788 2825 asserere

70 2834 267 2961 atbtttt
280 2848 356 2960 {tt
370 2832 908 2963 tabulistabulia,‘tttttt‘
962 2830 1790 2974 ttttttt’ttttlttutttmtttttat‘ttbtt

250 2941 257 2955 ·
766 2946 771 2959 ·
896 2945 906 2969 s
1436 2949 1444 2975 s

72 2977 165 3033 etiarn
180 2978 512 3037 murmuraremus.
961 2973 1143 3033 metueres
1169 2990 1222 3033 esee
1243 2986 1426 3037 msseerutuns
1451 2995 1488 3038 er
1516 2980 1565 3039 itte
1593 2976 1790 3049 assumturus

109 3049 220 3103 Verum
232 3046 310 3118 quod
334 3047 473 3103 Barsoiss
487 3045 651 3129 antiquitati
665 3045 777 3129 tribsltq
792 3061 850 3105 usu
865 3045 906 3103 ita
926 3021 1170 3127 Crumissenses.
1193 3117 1199 3128 ·

71 3117 428 3190 accipiendumestquasi
461 3118 585 3173 enesolss
614 3117 699 3175 tuerit
726 3122 813 3175 tetrus
834 3117 908 3177 auti·
998 3115 1136 3172 Rationes
1151 3117 1236 3189 hujus
1251 3120 1401 3177 sententias
1415 3121 1511 3178 subdit
1526 3121 1600 3179 idem
1612 3127 1721 3191 auctor,
1731 3140 1792 3180 cas·

71 3189 196 3261 quitatis
210 3206 246 3245 ea
258 3188 416 3269 persuasio.
455 3204 504 3244 am
520 3205 555 3244 ne
570 3188 638 3260 quid
649 3189 745 3247 dicam
760 3187 908 3261 deprimis
963 3186 1220 3269 demqueltotidem
1235 3189 1294 3246 lese
1310 3193 1403 3247 serbis
1423 3195 1525 3264 repetit
1552 3193 1722 3252 Guitlelnsus
1737 3196 1792 3251 llu-

72 3266 141 3317 ecto
167 3260 290 3325 meotis,
317 3259 466 3331 inquibus
487 3259 567 3315 nollo
588 3256 636 3315 lsu'
661 3276 707 3317 sce
733 3254 908 3330 opinationis
962 3259 1071 3315 roudus
1085 3274 1114 3314 rs
1129 3259 1288 3319 Rationalis
1314 3261 1362 3317 lib.
1379 3280 1415 3334 vs,
1443 3280 1505 3336 cap.
1526 3265 1570 3320 lb.
1595 3266 1646 3323 Sed
1667 3265 1793 3337 uunquid

71 3330 360 3413 spparsstyesttgis,
376 3333 436 3389 ime
450 3330 480 3387 is
492 3330 594 3402 quibus
617 3332 624 3389 i
638 3277 668 3387 rs
679 3331 826 3391 consessio
838 3348 909 3391 neo·
963 3330 1060 3387 viuum
1071 3329 1141 3400 atad
1153 3334 1184 3386 iu
1202 3332 1247 3388 bie
1259 3332 1421 3390 Paruum
1437 3351 1503 3391 cum
1519 3337 1669 3394 Duuisiee
1680 3353 1793 3408 serpere

72 3402 131 3459 ussi
151 3402 244 3459 serbis
258 3402 362 3461 Christi
373 3419 391 3458 s
403 3403 549 3459 sacerdota
576 3402 695 3474 prolatis
710 3402 772 3461 tisri
796 3418 908 3473 semper
962 3402 1195 3461 seruatosumitur
1208 3403 1238 3457 iu
1250 3403 1792 3479 etturieousecratur,etseupur'stltrists'

72 3474 223 3544 elabique
236 3473 345 3530 medita
371 3476 423 3539 est,
438 3477 513 3529 certe
537 3472 567 3529 in
595 3474 833 3545 subsequentibus
855 3489 906 3529 aas·
963 3471 1078 3542 efficitur
1085 3488 1135 3542 prr
1145 3473 1348 3531 s'mme'ssbeeem
1360 3476 1446 3545 ipsius
1459 3478 1581 3547 eorporis
1594 3479 1627 3535 iu
1637 3478 1753 3537 euticem
1765 3484 1791 3534 et
1846 3534 1853 3545 ,

72 3545 159 3610 culis,
174 3560 232 3616 qus
248 3549 377 3616 tempore
392 3545 467 3616 apud
482 3543 635 3602 nonnullos
646 3544 708 3601 baec
720 3544 817 3616 opinio
830 3544 908 3603 iuua-
960 3559 1011 3613 per
1026 3544 1083 3598 e'us
1100 3545 1230 3599 tastum?
1244 3544 1331 3615 Super
1343 3546 1390 3601 trec
1403 3548 1500 3604 dicunt
1514 3548 1627 3619 quidam
1640 3549 1680 3631 tis
1689 3548 1791 3619 quibua

72 3615 184 3673 lescere
203 3615 300 3686 coepit,
316 3613 554 3683 metuissemus,
584 3615 660 3687 iique
688 3615 862 3743 festissimi,
879 3615 908 3681 in
962 3560 1142 3669 Amaierium
1167 3618 1196 3696 ct
1220 3614 1405 3696 blicrolegum
1433 3617 1508 3673 haue
1536 3619 1620 3675 dubis
1645 3618 1791 3690 suuttigttt

72 3686 255 3743 censariam
280 3686 412 3743 abierunt
440 3686 632 3756 sententiam;
648 3686 687 3743 sli
710 3704 788 3753 sess,
812 3686 910 3747 media
962 3678 1031 3757 qaod
1042 3701 1094 3755 per
1108 3684 1287 3744 Dsmruuem
1301 3688 1473 3753 Orationem,
1488 3706 1547 3760 tw
1557 3697 1623 3746 tuuc
1633 3689 1749 3754 bs'citur,
1760 3690 1791 3759 fit

74 3759 121 3817 sis
136 3758 316 3823 insedentes,
331 3773 391 3813 rcus
406 3757 556 3814 subdubia
573 3757 758 3887 reliquerunt.
962 3756 1131 3815 eeuseerstio
1141 3756 1198 3811 siue
1209 3760 1390 3817 cummutatio
1405 3761 1469 3815 sisi
1479 3761 1511 3816 iu
1522 3761 1698 3833 saueuisrm.
1714 3759 1790 3819 Nam

111 3829 171 3902 [xc]
190 3830 268 3887 tutes·
282 3833 413 3885 castores
424 3831 513 3900 portis
526 3845 619 3901 negas

74 3901 241 3959 censendus
260 3905 304 3957 est
331 3907 446 3956 sanctus
469 3901 631 3956 Bersurdss
654 3901 778 3957 abbssC

74 3970 177 4036 tensis,
192 3970 242 4043 qui
256 3987 291 4027 ex
305 3970 437 4027 immissu
461 3971 489 4027 in
514 3970 613 4027 vinum
626 3988 684 4028 nea
708 3977 908 4031 consecratum
964 3969 1087 4025 Ecclesia
1096 3971 1215 4038 apostati
1228 3970 1284 4026 sola
1296 3971 1444 4031 Dominicis
1455 3972 1589 4031 Oratione
1599 3979 1643 4030 ute
1662 3977 1791 4031 asturis

74 4042 222 4115 porticula
236 4040 332 4098 sinum
345 4042 461 4113 quidem
485 4058 605 4109 aeorum,
633 4044 683 4099 sed
701 4059 759 4101 non
783 4059 848 4101 sere
877 4059 910 4100 as
963 4041 1354 4099 ceuseeretieue.Nestasseu
1379 4044 1428 4103 less
1446 4060 1505 4101 usu
1531 4045 1660 4111 dicimus,
1688 4046 1790 4118 quisse

73 4114 194 4188 pmpric
211 4117 413 4170 consecratum
426 4113 513 4169 luisse
525 4113 595 4169 dicit
609 4113 639 4171 iu
653 4114 909 4184 epistetebaaeie
964 4113 1010 4167 bec
1018 4113 1082 4183 jaus
1106 4117 1181 4180 esset,
1199 4128 1257 4169 usu
1283 4118 1349 4170 esset
1376 4131 1479 4173 urceus
1500 4131 1597 4188 eorpus
1624 4117 1743 4177 Dasiui
1756 4115 1792 4171 ab

74 4186 261 4242 occasionem
277 4183 400 4259 praebuit
414 4183 523 4240 fastum
532 4185 684 4257 eujusdam
699 4185 810 4240 abbatis
819 4201 910 4240 sacer·
963 4182 1034 4239 diem
1046 4183 1129 4239 illum
1141 4185 1259 4249 sessuri,
1274 4200 1377 4256 nempe
1387 4187 1454 4258 quie
1466 4203 1546 4258 esque
1557 4187 1681 4259 pauisse
1690 4187 1790 4243 vinum

75 4256 163 4320 detis,
179 4255 228 4328 qul
242 4268 308 4311 cum
321 4272 406 4326 super
416 4254 508 4311 selam
524 4272 628 4327 aquam
654 4254 681 4313 in
704 4254 909 4313 sslieotemere
963 4270 1013 4325 per
1027 4253 1207 4310 Dominissm
1220 4253 1386 4311 Orationem
1411 4262 1639 4315 consecraretur.
1654 4260 1792 4319 Praeterea

73 4329 205 4400 pesitum
220 4327 308 4383 verbs
321 4326 543 4384 consecrationis
565 4326 738 4399 protulisset,
767 4331 852 4398 etque
866 4344 910 4383 er·
963 4342 998 4381 es
1013 4325 1170 4396 lisquuiu
1184 4341 1292 4383 caueae
1305 4327 1484 4385 Demisisem
1507 4329 1669 4389 Orationem
1691 4345 1792 4401 prum·

72 4416 142 4456 rure
154 4397 359 4455 animaduerso
373 4402 472 4469 postea
492 4398 591 4457 sinum
606 4397 768 4463 infudisset,
786 4415 819 4457 sc
840 4415 906 4459 esu·
924 4373 948 4432 D
963 4396 1043 4463 duat,
1056 4396 1125 4453 setis
1143 4397 1294 4478 patetqued
1304 4397 1343 4453 aet
1351 4400 1540 4470 pretationem
1551 4402 1639 4471 ipsius
1646 4400 1792 4459 oretanis

73 4475 200 4529 mersen
212 4468 399 4527 Eschatiotis
415 4468 584 4540 particulam
598 4469 628 4526 in
639 4468 757 4529 calicem
773 4469 909 4531 immisis·
965 4466 1303 4525 tressmbstestretieues
1310 4469 1346 4594 {tt
1362 4486 1371 4536 ,·
1386 4477 1412 4527 et
1424 4470 1504 4528 uultu
1514 4471 1792 4543 resuscitaretur

73 4546 120 4598 set
150 4542 191 4598 ed
216 4539 465 4598 consecrationem
494 4539 695 4612 supplesddm,
717 4541 908 4608 Besnerdum,
963 4538 1790 4615 celebratesiueserbisitis,t{scestcespssmeum,etc.‚

73 4612 147 4685 quid
159 4629 249 4683 super
261 4628 294 4669 as
304 4628 335 4669 rs
349 4612 476 4680 sentiret,
497 4611 650 4676 consuluit,
667 4612 775 4684 bosque
790 4629 910 4684 respon·
963 4625 1023 4682 ques
1033 4610 1091 4666 sate
1102 4610 1427 4682 iuprs'ueipisuaseeutis
1434 4613 1563 4671 scelesta
1571 4614 1791 4743 prqmerebastur
1832 4628 1836 4637 ’

72 4683 324 4755 sumimpetravit
340 4699 346 4737 :
363 4684 403 4740 Ne
420 4683 469 4740 sub
491 4689 565 4738 teuto
579 4682 695 4738 ertieute
724 4684 824 4740 metius
846 4683 910 4755 fieri
963 4681 1144 4751 abcessistis,
1160 4683 1210 4753 qui
1231 4684 1409 4752 postumatum
1434 4683 1595 4745 Orationem
1683 4685 1790 4743 irrisam

72 4757 353 4828 petuisseeetemua
369 4753 537 4811 arbitrantes
565 4752 708 4826 liquorem,
733 4757 784 4811 etsi
810 4771 862 4811 seu
875 4770 910 4811 en
963 4769 996 4809 su
1018 4750 1232 4811 creddideruut.
1250 4752 1375 4811 Dicimus
1387 4771 1447 4826 eree
1471 4755 1541 4813 illud
1555 4772 1612 4815 uas
1623 4757 1788 4821 museerum',

73 4826 836 4909 masserutieueprsars'eatquasotsuesiisseueutuem
848 4842 910 4883 mu·
963 4840 989 4879 ss
1020 4823 1204 4893 sanctificari.
1217 4825 1321 4894 tripart
1335 4827 1594 4885 eutuuisterbrss.
1610 4827 1685 4887 Nam
1700 4844 1789 4885 muse-

73 4905 181 4967 tetum,
192 4898 499 5025 saerumtameuAEsssse
509 4913 544 4953 es
554 4898 816 4968 coutsctueerporis
824 4896 908 4953 sueri.
963 4909 1046 4950 crare
1056 4901 1080 4949 et
1094 4896 1572 4977 cousecratiouetraussubstauts'are
1592 4916 1601 4963 ‚·
1617 4896 1791 4971 sanctificari

74 4969 132 5028 ttbi
148 4984 216 5026 cum
230 4970 391 5027 bernardus
427 4966 544 5023 'citrini
558 4967 699 5039 liquorem
715 4985 772 5025 usu
786 4984 822 5024 eu
847 4984 910 5025 cou-
963 4971 1044 5021 estes
1057 4972 1240 5022 mutuetuseu
1254 4964 1423 5027 euremarus
1439 4983 1526 5027 suarm
1547 4970 1590 5027 rei
1608 4970 1808 5029 reserandumx

73 5040 236 5097 wetinus
244 5041 360 5111 proprie
372 5045 451 5112 emur
462 5040 584 5101 utemui
596 5040 627 5096 is
636 5038 810 5110 suueuisem
821 5040 910 5109 fuisse
964 5043 1124 5117 cerasetum
1139 5036 1219 5107 etfiei,
1234 5044 1265 5095 ut
1276 5042 1352 5108 potet
1367 5038 1399 5097 iu
1409 5054 1479 5109 apua
1503 5040 1652 5108 bmebieta.
1667 5045 1721 5099 cte.
1736 5042 1791 5099 llu-

73 5117 236 5176 mutatum,
253 5126 322 5166 sare
336 5126 402 5165 eum
417 5109 564 5167 existimes
586 5109 709 5169 sensisse
735 5114 910 5167 transmota·
964 5107 1048 5165 sends
1062 5112 1199 5175 rationes,
1214 5124 1276 5178 quar
1291 5108 1379 5165 etism
1391 5110 1466 5181 [scir]
1482 5116 1549 5169 sunt
1564 5111 1790 5183 salesburiam

74 5182 190 5239 tionem
206 5181 316 5238 lactem
331 5197 365 5238 ex
377 5181 593 5239 consecratione
613 5183 709 5237 miuus
723 5180 840 5252 propris
854 5180 909 5236 mi·
965 5177 1020 5235 luit
1032 5175 1159 5250 integras
1173 5177 1291 5245 reterre,
1306 5182 1383 5251 quod
1398 5181 1508 5248 solidis,
1522 5188 1551 5241 et
1565 5200 1630 5255 quas
1645 5183 1791 5257 preposito

75 5271 193 5334 uosque
207 5251 339 5315 solemni,
354 5268 419 5324 quse
431 5253 513 5310 ficret
536 5269 586 5325 pes·
600 5256 764 5309 cosmatum
783 5251 910 5323 corperis
964 5252 1063 5306 uestro
1073 5247 1259 5332 ¹conasse-iuni,
1273 5249 1403 5308 uitentur
1417 5252 1625 5313 fundamentis.

74 5342 163 5382 mers.
181 5327 254 5382 Nam
267 5340 378 5387 merum
393 5329 506 5381 tautum
517 5323 605 5383 tuisse
615 5340 649 5380 ex
663 5323 718 5379 hec
731 5326 864 5381 cosmeta
876 5322 909 5381 li·
999 5320 1038 5377 Ex
1051 5319 1096 5377 lus
1109 5322 1242 5378 omuibus
1256 5339 1319 5394 quas
1333 5338 1398 5380 cum
1412 5324 1441 5380 in
1452 5324 1516 5391 hos,
1530 5331 1593 5383 tum
1609 5325 1637 5383 iu
1651 5322 1790 5398 superiori

74 5413 211 5469 quorem,
226 5401 507 5464 soncousecrstsm‚
532 5395 628 5467 palam
651 5399 695 5451 est
722 5411 788 5452 eum
815 5392 911 5452 existi·
964 5392 1056 5474 capita
1082 5388 1207 5451 diximus
1234 5392 1270 5449 dc
1291 5395 1442 5476 praemisso
1465 5401 1636 5469 argumente
1657 5397 1788 5469 quasdem

75 5484 187 5525 mm,
964 5463 1027 5547 class
1040 5467 1159 5535 pessunt
1173 5479 1231 5521 uon
1243 5464 1344 5523 teretes
1359 5470 1560 5541 pretereunda
1574 5470 1621 5528 :l⁰
1634 5467 1749 5525 Variam
1761 5469 1791 5527 et

111 5538 256 5597 [tamdem
273 5536 447 5596 sententiam
462 5534 686 5596 luculentissime
700 5535 853 5593 confirmat
864 5537 910 5594 ta·
964 5538 1175 5603 sustonsteutem
1192 5534 1277 5595 tuisse
1289 5543 1438 5596 auctorum
1449 5544 1479 5595 et
1489 5537 1788 5597 ltitualismlibsosum

73 5613 195 5668 sebosa
211 5609 335 5667 vitriaco
355 5609 385 5667 iu
410 5609 538 5667 Historia
561 5608 744 5666 occidentalis
769 5624 831 5680 cap.
847 5608 906 5667 38³
965 5607 1000 5667 de
1014 5602 1229 5675 consecratione
1249 5624 1299 5680 per
1326 5613 1490 5669 cosmatum
1518 5608 1702 5677 sententiam,
1725 5608 1789 5669 aliis

71 5683 144 5741 Nou
160 5680 295 5752 dumus,
307 5680 411 5754 inquit,
428 5681 628 5765 quedeetsetu
640 5679 788 5753 respuistis
800 5681 903 5739 sinum
961 5674 1180 5761 affirmantibus,
1205 5680 1374 5813 aequalibus
1389 5676 1461 5763 eliis,
1490 5678 1555 5762 eliis
1578 5696 1646 5741 sera
1671 5697 1734 5741 ress
1758 5680 1788 5753 ip

70 5754 418 5819 murmurmurmur
425 5769 459 5819 m
468 5753 639 5827 respuimus
653 5752 848 5823 martinsart
854 5767 907 5825 pu·
961 5750 1057 5811 medio
1070 5750 1244 5823 relinquente
1264 5767 1308 5821 aas
1331 5768 1385 5819 urs
1398 5750 1675 5826 errassemus
1691 5769 1790 5825 sauts-

645 3829 754 3902 squssi
777 3828 908 3955 qusceps
964 3827 1111 3910 tlrcpsrius
1121 3828 1264 3900 meipsam
1278 3846 1389 3889 eausam
1407 3847 1493 3902 quare
1518 3830 1668 3889 Deueiuiee
1694 3831 1790 3887 Oratio

791 3901 909 3959 aravat-
964 3915 995 3954 ss
1007 3902 1052 3955 etse
1068 3899 1150 3954 stiae
1163 3900 1298 3957 secerdote
1309 3901 1429 3968 dicatur,
1442 3903 1512 3959 dicit
1524 3902 1593 3975 qaeu
1602 3904 1634 3961 iu
1672 3902 1792 3959 imaue
