4034 6180
181 212 185 221 '
233 226 291 290 aso

311 361 411 470 Pompa
424 360 581 411 ostentatrix
591 362 653 409 vani
669 362 818 426 splendoris
842 365 915 414 inani

276 460 281 471 .
312 424 376 472 [isai
390 422 533 473 arnudala
549 422 636 487 peplo.

234 510 369 577 Quamvis
384 525 548 581 ergoomne
564 524 709 584 peceatum
729 516 862 586 superbia
886 516 940 570 dici
957 520 1056 587 possit,

234 583 300 654 quia
311 584 426 652 quanda
437 582 501 652 quis
514 589 611 654 peccat
628 585 748 655 [leoom
769 604 885 657 peccare
914 586 1058 658 prohibuit

233 652 1057 726 contrairevideturaliudtamenestdesidiosaaliadma-

233 723 336 789 litiose,
353 723 431 778 aliud
444 725 576 790 scienter,
593 725 670 782 aliud
686 727 862 799 ignoranter,
879 731 957 784 alind
970 728 1058 800 negli-

232 801 343 867 genter,
358 795 435 851 aliud
449 800 991 869 arroganterpeceare.Quolibetautem
999 816 1059 853 mo·

175 900 178 905 -
233 870 269 922 do
283 867 345 939 quis
358 871 462 937 peccet,
480 868 502 922 si
516 868 861 939 poeniterecontemnit‚in
879 884 1015 943 magnum
1029 886 1058 925 se

233 939 370 1009 superbiae
386 939 533 993 baratrum
548 940 713 1012 immergit:
736 943 771 997 de
787 958 842 1013 quo
867 942 980 997 nonnisi
1009 956 1059 1012 per

233 1009 443 1065 confessionem
460 1016 639 1080 peccatorum
651 1028 779 1073 suorum,
789 1018 817 1068 et
825 1014 1057 1069 emendationem

234 1096 358 1143 morum,
377 1080 547 1137 etsalutsris
562 1083 951 1153 poenitentiaeadminiculum
969 1083 1059 1157 368

234 1152 329 1222 egredi
337 1155 436 1222 potest.
451 1152 565 1208 [luobus
575 1153 846 1210 enimmodishomo
856 1155 1057 1227 Deosuperbit,

233 1240 298 1279 cnm
313 1229 363 1277 aut
377 1223 523 1294 praeceptis
542 1228 603 1293 ejus
615 1225 782 1281 inobediens
810 1227 914 1291 existit,
937 1245 971 1282 ea
997 1243 1059 1298 quae

234 1294 377 1366 prohibita
392 1299 458 1363 annot
473 1297 998 1370 committit,antcommissapranitere
1012 1315 1060 1353 ne·

232 1365 324 1491 gligit.
343 1366 423 1421 Unde
438 1365 498 1421 sive
514 1366 541 1420 hi
555 1367 603 1437 qui
613 1368 774 1438 baptizandi
791 1374 866 1436 sunt,
883 1368 1057 1494 sirenospui

253 1436 368 1507 aptismi
381 1443 595 1493 sacramentnm
604 1438 666 1510 jam
682 1441 870 1512 percepimus,
882 1446 949 1497 ante
962 1457 1014 1495 ocu
1028 1457 1059 1495 οε

232 1524 340 1635 genere
349 1508 486 1563 dehemus
497 1512 612 1591 paetum
621 1511 698 1581 quod
707 1528 771 1565 cum
785 1511 876 1566 lleoin
886 1512 1059 1582 baptismate

255 1584 274 1646 t,
291 1578 338 1633 ubi
354 1579 572 1634 abrenuntiatur
595 1582 720 1643 Satanae,
736 1588 764 1638 et
780 1583 912 1653 operibus
938 1585 1011 1656 ejus,
1031 1587 1059 1638 et

234 1650 348 1729 pompis
361 1650 423 1722 ejus
433 1667 440 1716 ;
452 1652 529 1721 quod
542 1656 734 1722 paclumtunc
745 1654 857 1709 irritum
872 1653 912 1719 nt,
930 1654 951 1708 si
966 1654 1058 1708 autin

620 221 655 289 ill
677 228 709 293 S:
731 226 905 294 oueoottt
927 220 1063 294 urit-:ruti
1085 222 1410 301 susurrationum
1435 232 1555 304 NOTAE.

1873 239 1928 307 tte

1073 373 1096 430 Α
1112 366 1196 423 claros
1207 370 1216 424 l
1227 369 1254 424 in
1264 388 1320 442 quo
1330 375 1577 443 atregeneramur‚
1589 378 1618 430 et
1630 392 1797 446 purgamur,
1808 381 1931 435 eleaem-

1113 438 1192 509 plum
1209 441 1309 497 naonis
1333 444 1436 499 Christi
1451 445 1609 519 imitamur.
1625 449 1773 513 Quomodo
1798 466 1864 520 ergo
1884 449 1932 505 hoc
2006 480 2007 487 .

1112 512 1276 582 exemplum
1292 512 1438 571 imitemur
1454 516 1530 571 dieat
1542 518 1694 588 Apostolos
1711 532 1717 570 :
1735 519 1777 573 An
1790 520 1803 571 i
1823 524 1930 589 noratis,

1113 581 1215 664 inquit,
1231 587 1296 657 quie
1307 586 1464 658 quicumque
1479 588 1612 671 baptizati
1625 606 1716 644 sumus
1728 594 1758 645 iu
1778 538 1933 646 Cimstofr·
2006 622 2007 627 .

1113 670 1154 717 su,
1175 669 1207 709 tu
1225 663 1309 709 naorte
1333 658 1420 727 ipsius
1435 658 1569 725 bayttrzoti
1581 676 1682 715 sumus.
1707 660 1859 732 Consepulti
1875 680 1939 735 erpo⁴

1113 741 1204 780 sumus
1214 742 1274 780 cum
1288 727 1337 783 itta
1346 746 1397 799 per
1412 728 1571 799 baptismum
1583 732 1612 785 ia
1626 739 1719 795 morte,
1733 740 1763 788 ut
1774 733 1935 803 ammedera·

1113 795 1176 850 darm
1191 799 1345 853 ressurexit
1353 799 1480 855 Christus
1494 804 1635 856 amortuis
1643 820 1694 874 per
1704 804 1822 873 pluriam
1835 805 1935 868 Patria,

1114 868 1153 921 ito
1168 874 1194 921 et
1204 884 1251 922 aas
1266 870 1295 923 in
1320 871 1438 925 novitate
1457 873 1520 925 vita
1533 873 1707 929 ambulemus.
1724 874 1859 929 llorimur
1871 892 1935 948 ergo
2006 932 2007 935 ,

1113 945 1239 1009 peccato,
1253 942 1368 1010 quando
1380 943 1616 998 abrenuntiamus
1629 944 1754 1009 diabolo,
1767 950 1796 1000 et
1807 947 1937 1002 omnibus
2006 950 2007 999 ζ

1114 1026 1177 1080 quta
1192 1010 1253 1081 ejus
1264 1016 1341 1068 sunt.
1355 1013 1572 1085 consepelimur
1583 1014 1704 1077 Christo,
1720 1032 1785 1071 cum
1801 1017 1933 1072 subinvo-

1114 1079 1227 1137 catione
1240 1088 1347 1137 sanctae
1365 1084 1512 1140 Trinitatis
1525 1087 1576 1141 sub
1591 1087 1667 1142 trina
1684 1088 1824 1145 mersione
1839 1088 1867 1142 io
1877 1088 1937 1143 lon·

1115 1156 1173 1207 tem
1189 1153 1305 1217 lavacri,
1321 1155 1402 1225 quasi
1416 1155 1443 1210 in
1459 1159 1781 1228 quoddam⁰sepnlcrum
1796 1159 1940 1214 descendi·

1116 1239 1188 1277 mus.
1206 1225 1409 1297 Consurgimns
1429 1227 1541 1282 Christo
1555 1244 1620 1282 cnm
1640 1229 1717 1284 exuti
1733 1228 1863 1285 omnibus
1879 1246 1938 1301 pac-

1114 1295 1185 1349 catis
1200 1295 1235 1350 de
1252 1296 1340 1361 fonte,
1359 1297 1448 1369 369
1463 1299 1544 1370 quasi
1561 1298 1595 1353 de
1610 1302 1752 1370 sepulcro,
1767 1301 1938 1372 egredimur.

1115 1366 1169 1421 Sed
1181 1383 1273 1436 neque
1284 1372 1451 1438 mysterium
1466 1369 1547 1424 trium
1564 1371 1676 1426 dierum
1689 1388 1721 1426 ae
1736 1372 1939 1443 noctiumqui·

1114 1438 1166 1491 bus
1182 1437 1209 1491 in
1225 1438 1355 1509 sepulcro
1369 1440 1450 1495 lesus
1463 1441 1547 1496 luisse
1562 1440 1588 1495 le
1608 1441 1676 1509 itur,
1693 1443 1860 1513 praeteritur,
1873 1460 1938 1498 eum

1115 1506 1203 1562 incoli
1222 1507 1296 1582 [hep.
1314 1510 1458 1585 invocata]
1479 1457 1730 1569 sanctairinttate
1764 1530 1828 1585 quae
1843 1514 1939 1586 utique

1114 1595 1182 1634 vera
1195 1579 1243 1634 lux
1259 1584 1312 1645 est,
1328 1581 1356 1636 in
1372 1580 1481 1637 iontem
1503 1583 1712 1639 descendimus.
1732 1561 1792 1639 lux
1807 1589 1849 1640 est
1861 1587 1939 1640 enirn

1114 1650 1207 1715 Pater,
1224 1656 1250 1707 et
1266 1651 1294 1706 in
1311 1650 1419 1707 lumine
1433 1656 1506 1726 ejus,
1521 1656 1568 1725 qui
1584 1661 1628 1709 est
1642 1655 1738 1720 Filius,
1755 1656 1941 1712 lamenride·

233 1722 289 1777 tide
304 1737 366 1791 quis
382 1724 578 1792 permanendo
593 1723 677 1787 vitiis,
691 1729 740 1779 ant
756 1741 772 1779 a
788 1725 843 1779 lide
859 1725 1057 1791 exorbitando,
1076 1722 1098 1781 B
1115 1737 1178 1775 mus
1192 1721 1328 1792 Spiritum
1344 1729 1486 1778 sanctum.
1505 1725 1633 1780 Facimus
1648 1731 1743 1782 autern
1760 1732 1788 1782 et
1802 1731 1858 1783 tres
1872 1742 1939 1781 noc·

233 1793 377 1849 idolorum
392 1793 515 1847 cultibus
530 1801 578 1847 aut
593 1794 731 1850 haeresum
746 1797 888 1851 erroribus
910 1797 1058 1851 subdatur.

272 1884 284 1914 a
301 1864 375 1918 lllll.
390 1862 461 1931 Quia
476 1864 561 1935 igitur
584 1871 697 1920 constat
720 1868 866 1938 pactiones
881 1867 1058 1923 credentium

235 1951 296 1991 esse
311 1936 394 1998 duas,
411 1952 497 1989 oriam
514 1935 543 1990 in
559 1953 615 2007 qua
642 1939 861 1994 abrenuntiatur
880 1939 1004 2004 diabolo,
1032 1944 1060 1994 et

236 2009 348 2078 pompis
362 2007 433 2076 ejus,
450 2012 478 2061 et
491 2008 625 2061 omnibns
634 2010 765 2079 operibus
776 2009 835 2081 ejus
847 2010 891 2073 :in
902 2009 992 2065 altera
1003 2026 1061 2080 qua

235 2095 265 2133 se
280 2079 395 2132 credere
410 2078 583 2133 confitentur
602 2080 631 2133 in
656 2081 777 2143 Patrem,
801 2086 828 2135 et
843 2080 955 2145 Filium,
978 2086 1006 2136 et
1030 2081 1060 2135 in

236 2149 510 2219 Spiritumsanctum
521 2165 528 2216 ;
538 2152 891 2219 oportethasinconvulsae
901 2152 1006 2206 mentis
1019 2154 1061 2206 in·

203 2265 204 2269 ,
236 2224 364 2275 tentione
377 2219 478 2283 teneri,
494 2225 522 2274 et
536 2228 565 2273 ut
578 2226 717 2276 temerate
730 2223 801 2292 [hep.
810 2222 992 2293 intemerate]
1000 2240 1060 2278 cus·

236 2290 321 2346 fodiri
339 2290 458 2360 possint,
468 2290 544 2345 illius
559 2308 673 2361 semper
684 2292 858 2364 adjutorium
875 2309 1000 2364 quaerere
1011 2293 1059 2365 qui

1114 1796 1166 1849 tes.
1187 1808 1252 1847 curn
1268 1795 1448 1850 tenebrarum
1465 1800 1494 1851 et
1513 1796 1681 1867 ignorantie
1706 1805 1785 1867 patre
1798 1796 1871 1870 [Lep.
1891 1814 1940 1869 pa·

1114 1862 1162 1936 tri]
1177 1878 1235 1919 una
1247 1866 1460 1921 commendatio
1470 1865 1545 1940 [Lep.
1557 1884 1622 1922 curn
1638 1866 1807 1941 mendacio}
1818 1871 1891 1939 quod
1904 1886 1940 1923 ex

1115 1950 1148 1989 eo
1164 1940 1262 1990 natam
1276 1941 1329 2000 est,
1345 1939 1420 2007 quod
1437 1940 1624 2003 mendosam,
1646 1939 1718 1995 sicut
1730 1945 1759 1995 et
1773 1944 1852 2009 pater
1866 1941 1940 2012 ειεε,

1114 2007 1347 2061 contradicimus.
1364 2009 1419 2063 Sed
1438 2014 1467 2063 et
1493 2010 1577 2064 tertio
1598 2010 1660 2065 loco
1685 2009 1816 2081 spiritum
1836 2011 1942 2066 erroris

1115 2077 1299 2141 destruimus,
1311 2078 1358 2148 qui
1371 2079 1491 2150 inspirat
1502 2081 1773 2153 pseudoprophetas.
1785 2089 1814 2137 ut
1825 2081 1922 2136 dicant
1934 2100 1941 2138 ε

1116 2148 1254 2203 llarcdleit
1265 2148 1411 2208 Dominus.
1420 2167 1491 2221 quos
1501 2152 1639 2207 Dominus
1650 2168 1705 2207 non
1718 2152 1804 2208 misit.
1818 2153 1943 2207 llestrui·
2006 2152 2007 2155 ’

1115 2235 1179 2274 mus
1193 2220 1270 2274 enim
1286 2221 1353 2285 bare,
1368 2226 1396 2276 et
1410 2222 1622 2286 conculcamus,
1638 2224 1660 2278 si
1672 2223 1829 2295 consepulti
1841 2241 1943 2278 sumus

1115 2290 1237 2354 Christo,
1254 2293 1341 2347 etiarn
1356 2294 1512 2348 secundum
1528 2294 1598 2348 illud
1613 2296 1688 2364 quod
1702 2295 1761 2366 ipse
1776 2296 1843 2350 dicit
1853 2312 1860 2349 ε
1872 2295 1943 2349 Ecce

235 2359 370 2431 baptismi
386 2367 599 2416 sacramentum
614 2363 785 2418 adsalutem
808 2366 919 2437 generis
940 2364 1060 2419 humani
1114 2362 1176 2416 dedi
1187 2362 1261 2417 uotis
1271 2370 1427 2434 poterimus
1447 2365 1570 2419 calcandi
1583 2382 1664 2436 super
1684 2374 1817 2437 serpentes
1831 2374 1855 2420 et
1868 2382 1943 2420 ssor-

236 2431 366 2496 contulit‚
385 2433 466 2505 cujus
481 2433 658 2504 mysterium,
676 2438 705 2489 ει
728 2435 757 2488 in
784 2435 870 2490 reteri
886 2440 1060 2491 testamento
1112 2434 1215 2504 pianes,
1229 2442 1343 2505 etsupar
1358 2451 1461 2490 omnem
1475 2437 1604 2491 virtutem
1618 2437 1735 2493 inimici.
1752 2435 1943 2519 Quaesingula

236 2520 286 2575 per
300 2504 415 2575 llnysen
432 2504 645 2576 praefiguratum
658 2510 710 2568 est,
729 2522 794 2559 cum
807 2507 928 2578 populus
942 2507 971 2561 in
985 2510 1060 2563 nube
1115 2505 1154 2559 ita
1174 2509 1241 2560 sunt
1254 2505 1398 2560 contraria
1419 2509 1523 2562 sancta
1541 2506 1683 2571 Trinitati,
1705 2512 1737 2563 ut
1755 2524 1810 2563 nox
1830 2508 1895 2573 dier,
1911 2513 1944 2563 et

235 2575 306 2630 etin
322 2573 394 2628 mari
409 2575 628 2645 baptizatosest.
645 2581 674 2631 et
689 2578 717 2631 iu
731 2578 1058 2648 noroperMedistorem
1115 2577 1239 2631 tenebrae
1258 2575 1323 2639 luci,
1340 2580 1371 2631 ut
1385 2578 1567 2632 mendacium
1583 2578 1710 2635 veritati.
1731 2580 1804 2633 Fons
1827 2595 1943 2649 quoque

238 2647 326 2702 aeret
352 2645 500 2700 bominum
527 2646 705 2717 apertissime
730 2649 970 2704 demonstratum.
998 2650 1060 2720 lpse
1114 2647 1249 2718 baptismi
1269 2647 1487 2704 similitudinem
1501 2648 1575 2721 gerit
1593 2649 1712 2720 sepulcri
1726 2648 1839 2714 Christi,
1863 2652 1944 2720 quod

236 2716 962 2801 enimait:Quoniamdiripuissenutusp'ueriteea
996 2728 1062 2784 u,et
1115 2717 1450 2791 novumluisselegilur.
1468 2720 1944 2791 Ouiaquicunqueineoconsepe·
2006 2766 2007 2769 η

235 2788 1058 2863 Spiritusuueto,uoupoterrtintroireiureyuumcoorum.
1115 2789 1183 2844 litur
1204 2789 1326 2853 Christo,
1347 2795 1375 2845 et
1399 2790 1424 2845 ei
1452 2791 1607 2862 consurgit,
1630 2791 1785 2846 secundum
1806 2794 1944 2847 eumdem

236 2860 270 2915 lit
283 2859 407 2913 lestines
426 2861 460 2914 de
475 2876 508 2914 eo
520 2860 560 2913 ait
572 2882 578 2913 :
590 2861 760 2933 Epoboptizo
771 2879 836 2925 eos;
857 2863 945 2917 ueniat
959 2870 1059 2927 autern,
1115 2860 1294 2931 Apostolum,
1309 2861 1339 2915 in
1356 2861 1482 2916 novitate
1497 2862 1560 2917 vitae
1576 2864 1725 2918 ambulare
1744 2865 1836 2918 debet.
1854 2864 1946 2934 Cujus

236 2935 289 2986 etc.
303 2931 358 3000 ipae
371 2946 414 2984 vos
429 2929 577 3056 bapsiaooit
589 2932 630 3003 [ld
645 2936 697 2997 eat,
710 2932 871 3006 baptizabit]
899 2936 931 2990 in
951 2933 1060 3005 Spiritu
1116 2932 1202 2987 fontis
1217 2937 1325 3004 septem
1341 2934 1455 3002 grados,
1477 2937 1535 2988 tres
1557 2933 1585 2988 in
1610 2934 1745 2989 descensu
1763 2940 1818 2988 tres
1832 2939 1945 2999 noctes,

236 3007 327 3055 saucio
341 3008 365 3054 et
382 3002 447 3071 ipsi.
487 3018 518 3056 er
533 3002 585 3056 hoc
598 3003 798 3073 quinascimur
812 3005 1061 3065 mundomenasci·
1115 3008 1144 3060 et
1157 3009 1215 3057 tres
1239 3002 1267 3057 in
1280 3019 1399 3058 ascensu
1412 3008 1469 3058 tres
1490 3004 1551 3059 dies
1569 3004 1729 3073 significare
1750 3005 1891 3065 videnlur,
1906 3005 1947 3060 de

238 3088 303 3127 mur
319 3071 386 3135 ileo,
400 3076 427 3127 et
442 3072 489 3142 qui
509 3090 560 3143 per
574 3079 720 3155 peecatum
735 3090 850 3130 eramus
873 3075 922 3129 lilii
936 3075 994 3133 irae.
1012 3085 1098 3146 pert}
1115 3074 1218 3146 quibus
1233 3074 1362 3198 superius
1385 3074 1494 3129 dictum
1516 3080 1567 3130 est.
1596 3076 1740 3146 Septimus
1759 3092 1835 3141 vero,
1851 3075 1898 3147 qui
1915 3080 1949 3131 et

257 3143 359 3197 rafiam
376 3142 517 3198 allicimur
531 3143 581 3198 srlir
594 3144 654 3199 Dei.
670 3146 811 3201 llacenim
829 3146 1062 3202 tinctiooeethac
1115 3144 1466 3217 quartus,ileestdcquo
1498 3145 1713 3202 aidumaittdt
1727 3154 1846 3219 aspertus
1890 3163 1949 3201 er-

237 3160 351 3270 iavacro
368 3214 489 3270 Ecclesia
501 3220 655 3287 vegetatur.
671 3216 710 3271 lix
724 3232 787 3272 osse
811 3219 937 3288 parentis
965 3223 1061 3289 proto·
1117 3218 1140 3271 ti
1152 3217 1254 3271 similis
1265 3216 1410 3282 Filiollei,
1420 3216 1467 3287 qui
1477 3163 1622 3273 iornacem
1634 3218 1707 3288 ignis
1720 3217 1859 3289 exstingui
1877 3217 1948 3288 .qni

237 3284 323 3357 piasti
333 3284 438 3340 muller
449 3285 588 3341 edilis-ata
602 3293 645 3341 est
660 3288 809 3353 3e1latere
820 3289 923 3344 Christi
936 3289 964 3342 in
981 3304 1062 3344 cruce
1116 3292 1159 3343 est
1170 3288 1396 3342 stabilimentum
1417 3290 1530 3358 pedum,
1563 3287 1783 3344 fundamentum
1807 3304 1898 3359 aqnae,
1916 3288 1948 3342 in

238 3354 408 3411 dormientis
422 3355 544 3411 Ecclesia
555 3357 680 3413 formata
695 3363 746 3414 est.
765 3360 963 3414 Prolluxerant
983 3360 1061 3414 enim
1117 3376 1182 3430 quo,
1191 3360 1274 3430 juxta
1289 3359 1464 3428 Apostolum,
1480 3358 1623 3415 inhabitat
1634 3361 1730 3415 onmis
1741 3360 1888 3431 plenitudo
1901 3360 1946 3414 di·

237 3444 272 3484 ex
285 3427 347 3498 ejus
364 3428 452 3483 latere
464 3429 580 3498 sanguis
595 3434 623 3484 et
637 3432 788 3501 aqua,duo
804 3437 908 3486 sanctae
933 3430 1063 3488 Ecclesise
1117 3429 1244 3485 vinitatis
1256 3430 1452 3502 corporaliter.
1470 3431 1577 3487 idcirco
1598 3437 1696 3486 antem
1709 3431 1867 3502 baptismus
1885 3446 1946 3485 non

238 3500 578 3571 precipuasacramenta,
591 3505 622 3554 at
636 3501 664 3556 in
680 3502 771 3557 altero
782 3504 968 3567 consecratio,
983 3503 1011 3557 ia
1024 3502 1064 3557 al·
1116 3501 1246 3567 iteratur,
1262 3501 1330 3624 poia
1341 3506 1369 3556 et
1382 3501 1511 3557 Christus
1524 3517 1583 3557 non
1607 3501 1731 3573 amplios
1751 3518 1837 3573 quam
1853 3502 1949 3557 semei

237 3573 299 3627 tero
312 3570 561 3627 mundatioeidem
574 3571 892 3629 tribuereturEcelcsiae.
905 3574 1064 3646 liegenera·
1117 3572 1248 3627 moritur.
1274 3572 1466 3627 ‘eccetaenim
1479 3588 1539 3644 quae
1550 3577 1613 3644 post
1624 3572 1797 3644 baptismum
1810 3572 1948 3627 commit-

237 3658 304 3697 mur
314 3658 439 3712 namque
454 3658 487 3697 ex
501 3642 1061 3717 lavaero,utconsecramuretsanguine.
1116 3648 1217 3698 tantur
1228 3642 1400 3713 paenitentia
1415 3642 1558 3717 lacrymis,
1573 3644 1771 3715 eleemosynis,
1787 3647 1817 3699 et
1831 3643 1950 3700 caeteris

238 3714 317 3769 Unde
328 3717 356 3767 et
368 3714 487 3783 populus
502 3729 581 3769 mare
592 3714 721 3769 Rubrum
736 3715 859 3780 transiit,
873 3715 940 3787 qnia
955 3716 1062 3787 baptis·
1116 3715 1256 3769 bonorum
1266 3730 1384 3784 operum
1395 3714 1625 3780 exhibitionibus,
1636 3732 1693 3770 noo
1702 3714 1883 3786 baptismatis
1892 3713 1949 3769 ite·

238 3800 304 3839 mus
315 3784 418 3839 Christi
433 3784 572 3855 sanguine
595 3791 788 3840 consecratur.
816 3786 889 3851 Quia
916 3802 984 3858 ergo
1007 3787 1062 3842 ele·
1118 3783 1950 3858 rationedelcntur.Dominicoiatereacorporisepeliendo

238 3859 368 3911 mentam
383 3872 399 3909 a
421 3871 463 3912 ure
475 3856 504 3909 in
515 3855 568 3910 hoc
582 3857 690 3911 mando
704 3856 991 3913 omuibuselementis
1000 3874 1063 3928 pur·
1118 3855 1306 3911 mundissima
1317 3856 1497 3921 linteamina,
1509 3862 1538 3913 et
1551 3861 1683 3912 aromata
1693 3856 1953 3927 adhibentur‚quia

238 3927 337 4010 gandi,
350 3872 520 3991 virricandi,
537 3927 684 3983 recreandi
700 3928 794 3999 gratia
809 3928 903 3999 aptius
923 3933 975 3994 est,
1004 3945 1062 3983 non
1117 3932 1146 3986 et
1161 3926 1241 4005 isqui
1255 3927 1366 3981 Christo
1380 3927 1549 3998 consepeliri
1573 3928 1727 3990 desideret,
1751 3927 1774 3983 si
1793 3928 1857 4000 Jam
1874 3931 1953 3982 aetas

1118 3998 1952 4070 permittitquamvismortuussitperoriginalepeceatum,

1118 4071 1193 4140 quod
1205 4070 1409 4140 adhueportat.
1422 4071 1505 4125 debet
1515 4072 1761 4127 tarnenbonorum
1771 4084 1892 4141 operam
1902 4085 1955 4124 ex-

1118 4140 1257 4196 hibitione
1274 4140 1411 4212 lragrare.
1428 4142 1543 4196 mandis
1557 4142 1636 4197 indui
1652 4140 1785 4206 restibus,
1798 4139 1956 4212 dequibus

1119 4211 1258 4292 propbeta
1271 4213 1431 4267 sacerdotes
1440 4212 1519 4267 indui
1530 4218 1594 4268 orat
1604 4230 1670 4268 crim
1689 4212 1760 4267 dixit
1774 4211 1956 4267 :Sacerdotes

239 4282 378 4354 gnitatem
388 4281 528 4351 capiebat.
547 4283 599 4337 Per
609 4281 663 4337 boc
676 4283 781 4337 etenim
804 4283 915 4338 risibile
941 4284 1065 4339 elemen-
1119 4286 1162 4338 tui
1169 4284 1321 4337 induantur
1326 4283 1473 4353 justitium.
1486 4282 1515 4338 Si
1526 4300 1593 4356 crgo
1604 4289 1758 4353 antequam
1767 4284 1954 4346 renascatur,

240 4357 299 4407 tum
314 4368 358 4406 res
371 4350 420 4406 illa
435 4352 582 4407 invisibilis
597 4353 736 4423 signatur.
751 4359 783 4407 nt
797 4353 870 4408 sicut
880 4371 955 4436 aqua
965 4371 1064 4427 purga·
1119 4359 1147 4408 et
1160 4352 1289 4426 originali
1306 4359 1419 4424 peccata
1435 4360 1580 4426 purgetur,
1597 4359 1626 4410 ει
1640 4354 1751 4410 Christo
1772 4352 1957 4435 consepelia-

239 4427 286 4477 tur
297 4422 421 4478 exterins
435 4438 547 4494 corpus,
564 4423 604 4478 ita
620 4424 742 4480 latenter
755 4425 816 4495 ejus
842 4425 1000 4480 ministerio
1016 4442 1066 4497 per
1080 4432 1102 4490 t)
1119 4431 1174 4491 tur,
1184 4426 1267 4480 debet
1279 4424 1416 4495 fragrare,
1427 4427 1545 4481 odorem
1554 4433 1697 4498 praestare,
1709 4431 1738 4482 et
1749 4423 1958 4479 mundissimis

241 4493 380 4565 Spiritum
392 4497 523 4549 sanctum
544 4494 709 4567 purificetur
732 4500 759 4551 et
783 4494 907 4552 animus.
932 4498 1064 4553 invocato
1119 4496 1343 4559 vestibasiodui3
1356 4501 1463 4565 quanto
1474 4496 1566 4578 magis
1575 4502 1700 4561 renatas,
1713 4492 1959 4568 purgatus‚Cbri·

241 4580 366 4647 namque
377 4566 444 4629 Deo,
461 4565 607 4621 descendit
620 4566 741 4636 Spiritus
756 4571 872 4623 sanctus
887 4568 921 4622 de
932 4567 1019 4633 coelis,
1037 4570 1066 4624 et
1119 4572 1163 4623 sto
1176 4566 1398 4633 convivificatus,
1413 4567 1442 4621 in
1469 4573 1595 4624 ueritate
1608 4568 1672 4623 vitae
1691 4566 1855 4631 ambulans,
1874 4580 1961 4621 nora

241 4636 426 4691 sanctificatis
440 4635 531 4708 aquis,
548 4636 647 4691 tribuit
658 4637 698 4692 eis
713 4638 771 4691 rim
783 4638 961 4710 purgationis
996 4640 1065 4695 lnde
1119 4642 1250 4694 ereatura
1266 4637 1392 4703 effectos,
1409 4643 1438 4693 et
1452 4638 1549 4693 odoris
1564 4639 1723 4710 fragrantia
1738 4638 1907 4700 exuberare,
1925 4641 1962 4692 et

241 4707 329 4762 homo
345 4710 381 4762 ad
395 4707 552 4778 imaginem
566 4715 714 4779 reparatus
726 4713 831 4763 sanctae
843 4708 998 4773 Trinitatis,
1027 4710 1064 4766 ad
1119 4709 1306 4765 candidorum
1319 4708 1554 4765 vestimentorum
1568 4709 1723 4766 clarescere
1736 4707 1958 4764 dehetnitorel

243 4795 329 4851 qoam
341 4778 473 4834 conditus
488 4779 591 4843 fuerat,
603 4780 771 4851 expellitnr;
788 4780 871 4852 etqui
885 4787 962 4837 retus
977 4782 1006 4835 in
1016 4794 1065 4836 eas
1157 4808 1168 4833 ι
1186 4781 1258 4835 xiv.
1273 4781 1310 4835 lit
1324 4796 1390 4852 ergo
1402 4796 1464 4845 nos,
1480 4781 1527 4851 qui
1542 4782 1651 4836 mundo
1668 4780 1817 4844 morimur,
1833 4778 1961 4835 Christo

243 4865 294 4922 per
311 4858 457 4920 peccatum
470 4850 554 4920 primi
567 4850 692 4906 hominis
702 4851 867 4916 intraverat,
881 4868 969 4908 novus
979 4868 1012 4907 ex
1025 4852 1065 4908 eis
1119 4850 1329 4923 consurgimus,
1344 4852 1483 4907 bonorum
1500 4868 1617 4922 operum
1631 4853 1724 4907 nitore
1735 4850 1910 4913 induamur,
1928 4854 1967 4905 et

242 4937 293 4994 per
309 4921 410 4976 Christi
424 4922 549 4992 gratiam
574 4922 728 4993 egreditur,
755 4927 784 4977 et
799 4922 904 4993 Spiritu
919 4923 1020 4995 gratiae
1036 4923 1065 4978 in
1119 4923 1278 4978 coelestium
1288 4923 1734 4995 gaudiornmspeconfirmemur.
1744 4921 1965 4977 decentissima

1121 4995 1232 5049 ratione
1247 4994 1364 5066 angelus
1378 4995 1426 5065 qui
1448 4994 1510 5049 e'us
1525 4995 1762 5050 resurrectionem
1789 4993 1913 5047 nuntiat
1927 4992 1967 5047 in

1121 5065 1193 5121 albis
1205 5064 1329 5119 vestibus
1344 5068 1442 5120 sedere
1452 5011 1638 5131 ‹iescribitnr3
1652 5063 1738 5136 etqui
1749 5063 1810 5135 ejus
1821 5062 1968 5119 reditum

1121 5153 1138 5191 a
1159 5136 1257 5191 ostolis
1273 5138 1408 5191 nuntiant
1422 5135 1449 5189 in
1459 5135 1531 5191 albis
1543 5136 1679 5195 vestibus.
1691 5137 1840 5206 apparent,
1856 5139 1890 5189 et
1903 5149 1971 5188 nos

1151 5202 1973 5279 bispostbaptismuminduimurrestibusulmunditiam

1122 5278 1971 5348 tenesmusinoperandamaccepimusinregeneratione,

1122 5357 1274 5404 servantes
1282 5354 1311 5403 et
1325 5354 1452 5404 nostram
1469 5349 1695 5407 innovationem.
1709 5357 1736 5403 et
1747 5348 1842 5419 angeli
1856 5347 1976 5417 splen·

1122 5420 1199 5475 doris
1212 5422 1344 5476 decorem
1357 5419 1430 5493 [Lep.
1450 5421 1503 5493 uti.
1520 5421 1624 5475 dentur
1636 5420 1717 5475 nobis
1735 5418 1854 5491 singulae
1870 5418 1978 5473 stolae

1122 5493 1202 5556 alba,
1217 5509 1279 5562 spes
1296 5491 1424 5547 videlicet
1437 5491 1673 5553 immortalitatis,
1692 5494 1720 5545 et
1734 5494 1852 5545 eterne
1867 5487 1981 5544 felici·

244 5564 361 5618 tismate
375 5562 458 5617 Pater
470 5561 631 5616 declaratus
646 5569 689 5617 est
705 5563 731 5617 in
745 5579 823 5625 soce,
848 5563 933 5617 Titius
949 5564 977 5616 in
1003 5579 1068 5618 cor·
1122 5564 1199 5627 tatis,
1216 5569 1247 5617 ut
1270 5580 1334 5617 cum
1363 5563 1501 5634 propheta
1522 5562 1616 5618 dicere
1639 5561 1804 5632 possimus:
1825 5559 1982 5614 Goudcns

245 5649 321 5704 pore,
345 5633 466 5705 Spiritus
492 5638 607 5688 sanctus
629 5633 657 5686 in
681 5633 819 5688 columba
842 5634 1016 5689 ostensione.
1045 5635 1066 5689 Ο
1122 5634 1239 5705 gaudeto
1259 5634 1289 5688 iu
1316 5633 1448 5698 Durnium
1472 5642 1495 5689 et
1519 5633 1650 5688 exultauit
1675 5632 1796 5704 Spiritus
1822 5646 1906 5686 meas
1935 5631 1982 5685 in

246 5704 413 5784 praeclarum
425 5712 452 5759 et
462 5703 863 5769 admirabilesacramentom‚
874 5706 991 5775 quodde
1001 5704 1067 5760 liliis
1120 5707 1175 5761 Deo
1188 5722 1255 5769 meo,
1270 5706 1335 5777 quio
1351 5704 1441 5760 induit
1453 5722 1493 5759 me
1505 5710 1689 5760 uestimentum
1704 5703 1813 5769 salutis,
1829 5708 1856 5758 et
1875 5700 1986 5757 indar—

246 5788 297 5837 trts
312 5774 463 5833 facitdlios
475 5774 537 5845 Dei,
548 5777 584 5832 de
598 5776 741 5833 veteribus
750 5791 849 5847 noros,
861 5776 897 5832 de
906 5774 991 5833 foedis
1004 5776 1068 5851 pal·
1120 5784 1238 5833 mestum
1247 5776 1367 5853 justitia
1377 5776 1555 5834 circumdedit
1567 5792 1618 5835 ras.
1640 5774 1692 5835 llle
1706 5771 1889 5832 vestimenta
1906 5773 1988 5834 ista

239 3996 384 4053 immerito
394 3997 420 4052 ei
435 3998 564 4068 baptismi
579 3998 704 4069 dignitas
715 3999 870 4063 confertur,
887 3998 994 4069 quiaet
1016 4016 1064 4055 re-

238 4070 468 4149 generandorum
483 4068 1003 4142 hominumefficaciamcumSpiritus
1013 4070 1063 4126 Dei

240 4157 269 4195 m
289 4139 387 4195 mundi
423 4140 560 4194 rimordio
570 4156 655 4211 snper
667 4140 696 4195 id
712 4138 866 4207 terebatur,
874 4141 1062 4212 concipiebat,

239 4216 269 4267 et
282 4157 507 4282 purgansiormn,
517 4228 580 4265 cum
593 4228 626 4265 ex
635 4211 722 4267 latere
733 4211 835 4293 Christi
846 4211 1011 4294 proflueret,
1024 4212 1065 4267 di·

244 4991 346 5046 melius
359 4992 530 5047 immutatus
541 4991 624 5065 longe
639 4993 717 5048 aliud
727 5010 814 5065 quam
827 4994 920 5050 luerat
930 4994 1064 5050 eflicitur.

243 5061 348 5119 Foedus
365 5063 441 5118 enim
457 5067 521 5118 erat
534 5064 718 5120 deformitate
733 5070 926 5136 peccatorum,
942 5065 981 5120 ibi
1001 5066 1065 5120 red·

243 5133 320 5189 ditur
335 5134 452 5205 pulcher
466 5134 647 5191 dealbatione
661 5137 807 5190 virtutum.
830 5136 998 5191 Nullatenus
1013 5136 1065 5192 ita·

242 5222 297 5278 que
310 5205 441 5277 baptismi
460 5206 626 5277 mysterium
642 5205 738 5287 perfici
752 5212 854 5278 potest,
868 5207 922 5262 nisi
947 5208 998 5262 snb
1025 5207 1066 5262 in·

242 5277 391 5333 vocatione
405 5282 509 5331 sancta
519 5277 673 5340 Trinitatis,
686 5278 752 5348 quia
767 5284 795 5332 et
805 5278 988 5333 Dominusad
1000 5294 1064 5350 apo·

243 5349 332 5404 stolas
345 5348 434 5402 dixit:
449 5347 499 5407 tu,
518 5349 604 5401 docete
614 5365 702 5402 omnes
717 5356 816 5417 perstas,
841 5349 1008 5420 baptizantes
1027 5366 1068 5405 eos

243 5422 273 5476 iu
289 5421 394 5474 somine
409 5419 512 5481 Putris,
527 5426 553 5473 et
565 5419 645 5482 Filii,
659 5428 682 5473 rt
693 5421 814 5490 Spiritus
827 5425 923 5475 sancti.
944 5422 974 5475 ut
990 5421 1066 5476 idern

242 5490 382 5546 Dominus
393 5492 445 5543 hoc
455 5498 669 5545 sacramentnm
681 5493 813 5555 limnant,
828 5509 892 5547 cum
904 5492 990 5547 irsuo
999 5494 1067 5563 bap·
