4052 6186
96 238 152 300 aia
310 250 316 257 '

478 240 515 300 ΙΝ
537 240 699 303 OitOlllEM
721 239 903 303 ROMANUM
924 236 1212 311 COMMENTARIUS
1233 236 1411 306 PRAEVlUS.

1738 241 1798 309 Sil

93 372 195 426 cilones
206 368 370 441 presbyteris
381 366 455 425 dore.
470 373 578 426 librant
588 375 637 444 qni
648 374 694 428 boc
706 374 816 446 faciunt
830 390 883 427 riou
892 391 918 429 ie
935 373 1075 446 AMagno
1087 374 1212 446 primum
1241 374 1300 430 lieri
1315 379 1439 446 coeptuin
1457 371 1609 444 colligitur,
1631 375 1694 428 tuin
1718 391 1751 431 ex
1770 393 1803 432 ro

94 449 163 497 reue
185 442 285 513 saeue.
301 440 331 495 ld
345 458 411 497 iero
427 456 460 497 ex
475 444 609 514 superbia
628 449 724 499 ortum
740 461 801 500 esse
821 444 918 500 scribit

94 516 285 568 vatusauctor
307 511 384 583 apud
410 515 598 584 augustinum
613 515 685 571 :Sed
716 518 763 570 uin
789 516 920 572 Romanas

94 583 220 640 ficolesiae
232 583 356 639 ministri
363 589 436 649 runt,
449 583 554 641 idcirco
564 532 777 647 maorabtfrores
783 593 920 658 putantur

93 672 169 727 quoru
180 654 255 721 apua
269 662 380 711 culmos
391 654 535 727 Emleaies,
562 664 675 728 propter
690 657 920 729 nicpnificentiom

92 726 169 782 urbis
182 727 323 793 Rouana,
339 742 400 798 qun
409 733 494 796 cupiit
507 743 561 783 eise
573 729 811 785 videturoninirun
824 730 919 784 orbito·

93 806 159 853 tuni.
174 800 210 852 At
221 801 338 869 propter
352 798 485 854 eamdem
498 814 615 854 causam
623 800 780 872 presbyteri
786 799 919 857 Ecclesiae

92 871 231 925 Romanae
246 867 398 924 sibialiam
414 869 477 941 plus
492 868 617 927 tribuere
632 871 735 929 debere
747 875 823 927 recle
833 871 920 928 infert

92 939 293 1011 Hieronymus,
307 938 355 1010 qui
367 940 442 995 lianc
468 940 655 998 diaconorum
683 944 876 999 temeritatem
891 943 919 998 iii

91 1027 191 1068 eorum
209 1010 382 1082 paucitatem
411 1013 513 1067 eodem
542 1012 596 1068 loci
623 1014 758 1071 refundit.
787 1014 921 1070 Diaconos

87 1083 215 1155 paucitas
227 1081 407 1147 honorabiles,
423 1083 590 1154 presbyteros
606 1086 686 1140 turbo
708 1086 921 1157 contemptibiles

87 1153 170 1224 iecit.
189 1153 275 1207 Plura
290 1155 326 1209 de
341 1152 385 1208 liis
400 1155 476 1224 apud
491 1156 657 1219 Beronium,
683 1158 720 1211 ad
735 1173 843 1212 anuum
856 1156 918 1213 ibe.

124 1225 168 1280 nd
183 1224 243 1280 liaec
257 1228 324 1279 ante
337 1224 462 1295 Gregorii
478 1225 571 1298 Magni
587 1227 786 1299 pontificatum
798 1227 922 1285 Alleluia

86 1296 117 1351 in
128 1296 217 1351 Misso
231 1312 288 1350 non
302 1294 539 1353 direliatureiitra
547 1298 743 1365 Pentecosten,
753 1299 780 1353 id
789 1304 833 1355 ost
842 1304 922 1354 eitra

86 1367 154 1423 illos
170 1366 380 1449 quinquaginta
389 1367 449 1423 dies
458 1368 506 1440 qui
519 1368 683 1426 aPasobate
698 1372 734 1426 ad
745 1370 850 1426 festum
859 1370 922 1440 Spi-

85 1439 161 1494 ritus
172 1443 263 1493 sancti
276 1438 503 1496 intercedebant.
516 1440 606 1496 festis
615 1445 658 1497 est
669 1441 716 1496 lib.
727 1458 774 1510 iii,
784 1442 919 1513 epistttl,

85 1510 190 1565 indict.
218 1509 294 1565 iad
329 1510 469 1565 loannem
494 1513 659 1583 episcopum
689 1512 915 1585 Syracusanum.

86 1582 198 1638 Confer
209 1597 244 1636 ea
267 1597 331 1653 quae
355 1581 476 1638 inferius
499 1583 598 1639 dicturi
627 1600 726 1639 suiuus
755 1585 790 1639 de
818 1583 920 1638 ritibus

84 1650 209 1709 Sabbati
226 1652 328 1707 sancti.

975 447 1052 526 quod
1062 445 1145 500 nulia
1158 444 1324 517 pontificum
1342 450 1538 501 Romanorum
1551 447 1619 499 aiile
1633 461 1699 501 euin
1712 445 1805 503 homi·

974 515 1021 570 liae
1034 521 1157 585 exstant,
1170 520 1233 571 tuni
1245 533 1278 572 ex
1302 516 1450 572 sozomeni
1465 515 1514 570 lib.
1537 531 1585 580 rii,
1598 532 1662 588 cap.
1683 519 1726 583 ia,
1744 519 1802 585 ubi,

975 588 1009 643 de
1018 587 1110 641 Roma
1123 603 1211 667 agens
1223 603 1229 641 :
1242 608 1256 639 i
1269 587 1300 643 ln
1309 589 1411 643 eadem
1421 588 1506 651 Urbe,
1517 586 1620 657 inquit,
1631 604 1685 644 neo
1698 588 1805 661 episco-

975 674 1035 729 pus,
1048 673 1100 714 nec
1115 658 1187 714 alius
1199 658 1351 741 quisquam
1364 658 1393 713 iii
1408 657 1528 714 ecclesia
1542 658 1679 729 populum
1699 661 1802 729 docet;

974 730 1025 784 sed
1037 731 1112 800 apud
1127 729 1335 786 Alexandrinos
1363 729 1440 785 solus
1457 728 1581 785 civitatis
1604 729 1804 789 Alexandrinae

974 799 1122 882 episcopus
1136 801 1334 858 concionalur.
1349 803 1442 866 Quam
1470 802 1717 866 consuetudinem,
1738 820 1802 859 cuin

974 876 1060 928 antea
1071 873 1232 929 introducta
1240 889 1298 927 non
1308 871 1419 936 fuisset,
1429 872 1625 928 introductam
1636 889 1697 929 esse
1707 873 1804 931 ferunt

975 959 1009 998 ex
1019 960 1076 1015 quo
1090 943 1173 999 Arius
1184 946 1342 1016 presbyter,
1358 942 1443 1024 [xiii]
1458 943 1493 998 de
1519 943 1649 999 doctrina
1672 943 1738 1000 fidei
1748 946 1804 1001 dis·

975 1031 1082 1079 serens,
1101 1020 1182 1070 nora'
1199 1017 1335 1087 dogmata
1350 1016 1469 1071 iniexit.
1488 1034 1500 1066 i
1517 1015 1596 1070 idem
1613 1020 1715 1071 auctor
1729 1032 1802 1142 quie·

976 1086 1044 1140 dum
1068 1085 1125 1141 alia
1146 1086 1252 1141 ibidem
1277 1088 1419 1152 observat,
1448 1102 1513 1156 quui
1537 1085 1673 1142 hocloco
1702 1103 1732 1142 re
1746 1088 1803 1143 erri

976 1161 1104 1281 possunt.
1121 1179 1134 1208 a
1149 1156 1198 1213 Est
1225 1157 1314 1213 etiam
1329 1157 1392 1223 hoc,
1416 1156 1516 1229 inquit,
1532 1156 1712 1213 Alexandriae
1728 1158 1804 1214 inso-

987 1242 1047 1287 eus.
1056 1229 1100 1283 ild
1112 1229 1298 1300 Evangelium
1322 1229 1471 1300 episcopus
1483 1244 1539 1283 uon
1554 1228 1684 1301 assurgit.
1700 1230 1733 1283 Et
1744 1229 1803 1285 illic

976 1299 1091 1371 quidem
1107 1301 1185 1356 solus
1198 1299 1418 1356 archidiaconus
1433 1298 1615 1372 Evangelium
1631 1299 1717 1371 legit;
1733 1299 1801 1356 alibi

977 1386 1042 1426 reio
1056 1371 1179 1437 diaconi,
1203 1371 1232 1427 in
1246 1371 1343 1427 multis
1365 1376 1463 1427 autem
1491 1370 1560 1425 loeis
1589 1371 1756 1442 presbyteri,
1772 1371 1801 1427 iii

975 1442 1146 1512 quibusdam
1159 1442 1307 1515 episcopus
1333 1442 1362 1496 iii
1378 1441 1527 1513 precipuis
1541 1440 1631 1505 festis,
1661 1444 1692 1497 ul
1714 1444 1802 1499 Cons-

976 1512 1148 1584 tantinopoli
1163 1514 1209 1570 die
1221 1518 1322 1569 sancto
1333 1513 1457 1569 Paschae.
1483 1532 1497 1563 a
1515 1512 1718 1569 Verumtamen
1733 1512 1802 1569 Pru·

976 1583 1218 1649 conductione
1254 1585 1359 1654 Magno
1387 1588 1416 1639 et
1453 1584 1611 1639 Sozomeno
1645 1583 1800 1667 antiquior,

975 1654 1004 1708 iii
1019 1654 1129 1726 hymno
1144 1657 1188 1717 lt,
1203 1654 1238 1711 de
1252 1655 1373 1721 coronis,
1392 1652 1439 1711 ubi
1465 1656 1625 1710 Romanam
1638 1660 1728 1711 sancti
1738 1654 1801 1728 Hip·

123 1724 153 1778 si
164 1722 282 1806 vulgato
293 1723 328 1778 de
341 1723 478 1779 Romanis
491 1724 670 1794 pontificibus
685 1726 757 1780 libro
771 1725 842 1781 fides
863 1728 915 1787 est,
937 1735 959 1793 Β
974 1726 1064 1798 polyti
1088 1726 1236 1782 basilicam
1262 1725 1406 1792 describit,
1431 1725 1596 1781 Pontificem
1611 1725 1640 1781 in
1663 1726 1801 1784 tribunali

85 1798 261 1851 Anastasius
270 1796 551 1877 papaloonatituitut
560 1797 769 1869 quotiescunque
776 1803 870 1852 manc
884 1797 921 1851 ii-

83 1867 214 1937 cungelm
222 1872 415 1931 recolorantur,
426 1867 574 1922 suoerilotei·
585 1884 637 1923 uon
644 1868 775 1932 sederent,
786 1868 831 1922 sed
842 1868 921 1923 curui

82 1943 204 1994 starent.
215 1938 274 1995 Huc
283 1942 393 2009 spectat
406 1937 666 2020 idquodtauquam
678 1939 795 1995 insolens
810 1939 920 1996 factum

86 2008 333 2067 deblexandrina
348 2008 474 2065 Ecclesia
501 2010 675 2066 Sozomenus
703 2011 800 2079 refert,
816 2027 920 2082 nempe

84 2081 162 2154 quoii
174 2080 209 2135 od
224 2080 402 2207 Eoonppliuin
415 2081 552 2152 episcopus
565 2098 619 2137 non
643 2089 780 2154 mearunt.
805 2082 837 2137 ld
853 2099 919 2138 iero

89 2168 160 2209 oiim
174 2151 293 2223 quidam
330 2151 430 2207 omani
444 2152 599 2225 presbytori
615 2156 799 2221 attentarent,
826 2153 919 2210 Anas·

90 2223 185 2281 tasiue
197 2223 312 2279 decreto
326 2239 378 2278 suo
395 2223 447 2279 lior
462 2223 636 2280 emendarit.

127 2298 197 2351 Post
209 2293 395 2367 Evangelium
410 2293 563 2367 Gregorius
591 2294 620 2350 in
645 2294 759 2351 rubrica
781 2312 813 2351 su
836 2294 921 2352 eriori

91 2366 205 2423 nullam
222 2364 291 2421 facit
303 2365 480 2421 mentionem
507 2367 541 2422 de
569 2367 715 2438 Symbolo,
741 2382 793 2423 nec
807 2313 843 2423 <fe
855 2382 922 2422 oon-

91 2438 184 2493 cione.
201 2436 235 2491 Et
244 2435 360 2507 quidem
374 2436 500 2508 plerique
526 2439 691 2494 existimant
706 2438 875 2510 Symbolum
891 2438 919 2493 iii

91 2506 426 2591 itomanatfcolesianon
440 2507 526 2564 luisse
549 2509 702 2591 recitatum
725 2513 793 2565 ante
808 2509 920 2565 Hearici

93 2584 377 2732 utilititllt
387 2585 508 2706 linit
518 2580 919 2733 ’ilitiitlftttttltt

92 2722 307 2781 auctoritatem.
329 2738 377 2792 qui
390 2738 419 2777 ro
447 2738 515 2778 iera
529 2722 559 2776 id
574 2722 679 2778 diserte
704 2722 832 2778 affirmat
845 2741 854 2794 ;
869 2725 922 2779 ad·

92 2794 191 2865 diique
208 2795 354 2849 Romanos
373 2792 458 2866 hujus
473 2793 514 2848 rei
528 2809 616 2849 causa
641 2794 678 2848 ali
691 2794 730 2848 iiii
753 2800 865 2850 aratore
880 2796 922 2850 iii·

92 2867 257 2936 terrogatos
277 2865 468 2935 respondisse,
484 2864 607 2920 ridelicu
627 2864 696 2936 quod
718 2810 842 2922 Memora
871 2866 923 2921 Eo·

91 2936 178 2994 cleric
191 2952 248 2990 nori
259 2936 355 3005 [uiam
368 2934 517 3006 aliquando
528 2936 588 2991 ullo
601 2936 727 2993 hereseos
739 2938 795 3008 [eci
803 2938 917 3019 iniecto.

91 3008 148 3064 Sed
163 3006 319 3063 tamenim
359 3009 482 3062 intorem
498 3024 515 3062 a
531 3007 684 3063 benedicto
704 3024 739 3079 pa
760 3025 776 3063 a
796 3008 824 3062 id
835 3024 924 3079 impe·

93 3085 195 3141 trisse,
207 3022 418 3149 utSymMMum
434 3077 462 3132 iii
478 3083 624 3148 posterum
651 3078 687 3133 od
699 3025 834 3148 anglicani
852 3079 921 3137 Mis-

90 3147 573 3277 ttlttttlttttttltttt
598 3148 773 3277 “iiiiii
787 3150 924 3276 tilii

89 3290 251 3365 pontificali
265 3236 412 3347 decantari
430 3308 492 3346 mos
504 3237 575 3356 efai,
588 3237 713 3346 uthem
728 3291 796 3346 facil
812 3291 923 3348 libellus

89 3364 237 3420 secundus
249 3362 284 3418 de
300 3361 406 3418 Ordine
419 3365 557 3419 Romano.
584 3364 618 3418 Et
643 3378 678 3417 ne
693 3362 756 3433 quis
771 3362 925 3434 interpola-

89 3437 204 3492 tionem
227 3434 282 3489 hoc
295 3433 325 3488 iii
351 3434 413 3489 loco
427 3438 569 3503 causetur,
596 3433 758 3488 amalarius
773 3433 801 3488 in
821 3434 925 3506 Egloge

90 3504 252 3578 sapei-hoc
278 3503 385 3570 libello,
418 3506 552 3561 eumdem
575 3504 666 3560 locum
694 3509 920 3561 commentatur.

91 3578 167 3645 Ouia
182 3576 273 3646 eliam
285 3575 314 3630 iu
330 3574 433 3631 libellis
443 3593 460 3628 r
471 3581 500 3632 et
514 3593 540 3629 ri
558 3577 594 3630 de
609 3575 693 3630 Missa
712 3575 865 3647 episcopali
881 3592 924 3632 se·

89 3650 223 3707 cundum
238 3648 395 3717 Romanos,
409 3647 502 3719 qualis
516 3646 546 3702 in
561 3663 613 3701 usu
632 3649 696 3702 erat
708 3650 776 3703 aute
788 3647 924 3703 saeculum

91 3735 217 3786 nonum,
233 3720 252 3774 S
276 3717 402 3773 mboluiu
414 3725 477 3789 post
490 3718 565 3773 Euan
587 3716 673 3773 elium
687 3717 860 3791 assignatur.
873 3720 925 3775 lla-

130 3808 148 3848 e
163 3806 217 3863 per
229 3735 302 3845 iilud
316 3788 500 3870 intervallum
511 3735 588 3861 quoO

90 3810 243 3920 Minimum
256 3860 514 3932 effluxit.Symboli
531 3859 766 3917 recitationemin
784 3861 927 3920 Missain·

599 3790 815 3846 asaeculonouo
827 3790 926 3847 aduu-

975 1797 1011 1852 ad
1024 1796 1162 1870 populum
1177 1798 1264 1853 verba
1276 1797 1369 1853 facere
1384 1796 1500 1852 solitum
1516 1796 1602 1854 fuisse
1617 1802 1748 1854 testetur.
1817 1848 1822 1855 .

1035 1912 1132 1962 Fronte
1147 1912 1198 1962 sub
1213 1912 1326 1963 adversa
1337 1911 1465 1976 gradibus
1481 1911 1596 1963 sublime
1609 1912 1728 1965 tribuual

1097 1975 1219 2032 Tollitur,
1234 1975 1346 2025 antistes
1358 1973 1486 2038 praedicat
1495 1974 1567 2025 unde
1581 1975 1675 2025 Deum.

974 2082 1080 2139 Verum
1092 2081 1121 2138 id
1136 2082 1259 2138 fortasse
1273 2081 1377 2138 rarius.
1391 2083 1472 2139 Certe
1487 2085 1551 2153 post
1563 2082 1731 2209 Greporium
1743 2083 1802 2141 Ma·

992 2171 1061 2209 num
1075 2153 1615 2225 paucasliabemusRomanorumponti
1639 2155 1803 2211 oumhomi·

973 2172 1027 2282 Mas
1042 2243 1048 2291 ;
1064 2225 1179 2281 tametsi
1208 2224 1338 2280 nonnulli
1355 2224 1510 2296 aliquando
1534 2225 1695 2281 concionati
1724 2231 1800 2292 sunt,

974 2313 1045 2369 quos
1058 2295 1134 2353 iuter
1155 2296 1337 2353 innocentius
1353 2297 1399 2364 ΙΙΙ,
1421 2299 1450 2352 et
1463 2300 1529 2367 post
1540 2312 1606 2351 eum
1619 2295 1751 2354 Clemens
1767 2297 1803 2353 vi

976 2369 1083 2424 multas
1097 2368 1248 2424 conciones
1259 2366 1367 2423 babuit.

1012 2439 1168 2496 Observata
1181 2438 1300 2511 dignum
1316 2437 1402 2494 estid
1427 2439 1504 2510 quod
1519 2438 1617 2494 scribit
1638 2439 1759 2511 Optatus
1772 2438 1803 2495 in

976 2511 1025 2566 lib.
1038 2527 1077 2579 iii,
1098 2527 1215 2566 omnam
1228 2508 1402 2581 episcopalem
1413 2516 1566 2565 tractatura
1581 2526 1629 2567 seu
1645 2510 1803 2567 concione·

975 2582 1081 2637 torium
1096 2597 1258 2638 sermonem
1272 2580 1422 2652 pimditum
1437 2580 1523 2637 fuisse
1543 2580 1706 2637 salutatione
1719 2583 1803 2654 gerni·

975 2661 1051 2708 noto.
1067 2653 1130 2708 Nou
1143 2653 1225 2717 eninr,
1241 2652 1344 2723 inquit,
1359 2651 1466 2723 aliquid
1493 2651 1595 2723 incipit
1617 2669 1630 2707 e
1650 2653 1753 2724 incopus
1767 2652 1803 2708 orl

975 2743 991 2798 p
1028 2724 1104 2779 ulum
1119 2724 1219 2788 dicere,
1236 2725 1291 2778 nisi
1306 2723 1396 2794 primo
1420 2723 1448 2777 in
1478 2720 1583 2777 moriac
1638 2724 1666 2778 ei
1677 2725 1804 2796 populum

976 2814 1007 2852 ao
1018 2796 1148 2852 utererit.
1165 2795 1274 2850 Similes
1284 2801 1348 2849 sciit
1360 2795 1449 2849 cauus
1458 2795 1556 2849 initiis
1569 2794 1661 2850 Omnis
1673 2802 1806 2851 tractulus

978 2869 1008 2922 iu
1020 2867 1131 2923 ccclesia
1146 2885 1162 2920 a
1176 2867 1281 2921 nomine
1296 2865 1348 2920 Dei
1359 2865 1506 2936 incipitur,
1526 2872 1552 2919 et
1566 2864 1681 2936 ejusdem
1702 2865 1753 2921 Dei
1762 2884 1808 2920 no·

977 2942 1055 2996 rniue
1067 2938 1247 2994 territantur.
1264 2937 1305 2991 nb
1320 2935 1429 3007 aliquot
1439 2935 1549 2992 saeclis
1563 2937 1713 2991 exordium
1726 2937 1779 2993 fiee
1789 2953 1808 2992 a

978 3011 1151 3066 salutatione
1171 3006 1310 3079 angelica,
1324 3007 1372 3077 qui
1387 3007 1459 3062 ritus
1467 3009 1531 3078 jam
1545 3006 1706 3064 invaluerat
1720 3024 1806 3065 siecu-

942 3090 964 3152 (ζ
980 3083 1007 3137 Ιο
1019 3098 1066 3147 xv,
1081 3088 1111 3137 ut
1126 3084 1204 3204 patet
1217 3097 1250 3135 ex
1265 3077 1465 3134 caeremoniali
1475 3077 1551 3134 Petri
1565 3078 1679 3145 Amelii,
1696 3096 1758 3151 rap.
1771 3080 1808 3135 42

980 3153 1058 3223 quod
1072 3153 1119 3207 liic
1149 3153 1250 3206 abetur
1264 3150 1364 3206 ordine
1378 3149 1422 3205 15.

1016 3224 1042 3277 t.
1071 3223 1252 3279 Oblationem
1281 3221 1399 3292 quisque
1424 3237 1518 3285 suarii,
1550 3237 1608 3276 nou
1627 3222 1714 3277 modo
1742 3220 1808 3278 laici

982 3294 1128 3365 utriusque
1143 3309 1236 3357 sexus,
1253 3294 1301 3348 sed
1315 3292 1401 3347 etiarn
1418 3293 1581 3347 sacerdotes
1596 3297 1624 3347 et
1643 3293 1757 3349 diacum
1779 3293 1807 3348 in

982 3365 1069 3446 Missa
1080 3362 1234 3446 pontificali
1249 3362 1401 3445 faciebant.
1411 3363 1438 3444 ld
1448 3379 1504 3433 quo
1513 3362 1567 3417 ritu
1580 3363 1670 3431 flerat,
1679 3364 1809 3447 singilla-

981 3441 1034 3491 liin
1050 3435 1193 3504 explicant
1206 3434 1293 3488 libelli
1309 3435 1343 3489 de
1358 3434 1465 3489 Ordine
1479 3434 1621 3490 Romano.
1645 3436 1807 3506 Principum

982 3505 1152 3569 oblationes,
1168 3504 1250 3576 panis
1265 3504 1381 3569 scilieet,
1397 3505 1554 3575 accipiebat
1578 3505 1705 3575 pontifex
1717 3507 1749 3560 in
1765 3522 1807 3562 re·

982 3576 1162 3649 iwtmiuqui
1177 3576 1254 3632 locus
1269 3580 1331 3631 erat
1359 3574 1426 3646 ipsis
1453 3576 1490 3630 ad
1518 3578 1674 3631 austratem
1697 3581 1808 3646 partein

982 3649 1167 3775 88δίΙ“““ΙΙ
1183 3646 1808 3774 ttllttttitnttffliitilutilitia

983 3737 1096 3848 gffiffi
1107 3736 1256 3863 ἔὲεῗεέοριιξ
1265 3760 1511 3845 hebdomadarius
1518 3807 1525 3860 ;
1538 3789 1650 3845 amulas
1660 3787 1807 3854 diaconus,

982 3862 1096 3935 quasin
1120 3862 1259 3933 scyphum
1284 3860 1467 3916 refundebat.
1491 3860 1569 3914 ldein
1596 3859 1683 3916 fiebat
1706 3864 1809 3916 tuma

983 3933 1202 4001 Pontificatum
1216 3930 1809 4002 adiaconis,inpartelemiuarum.Panem

983 4003 1263 4075 solumabsquevino
1273 4003 1472 4059 sacerdotesel
1482 4002 1594 4058 diaconi
1605 4001 1772 4058 offerebant.

93 4093 190 4141 mum,
216 4074 359 4145 siquidem
383 4088 447 4131 eam
463 4073 492 4129 in
507 4074 590 4131 Missa
613 4081 678 4145 post
703 4092 844 4130 canonem
860 4074 928 4132 Ore·
1019 4078 1060 4132 Oe
1072 4076 1166 4131 forma
1181 4074 1263 4145 panis
1274 4074 1360 4129 oblati
1373 4073 1509 4128 Onufrius
1520 4073 1559 4128 ita
1569 4073 1706 4144 scriptum
1718 4073 1811 4144 legito

92 3932 264 3991 termissam
280 3949 297 3987 a
313 3931 450 3988 Romanis
471 3931 558 3988 fuisse
584 3931 738 3988 dicendum
767 3937 818 3989 est.
845 3934 926 3999 Quod

91 4005 186 4063 etiam
200 4004 236 4059 de
251 4001 387 4059 Oratione
413 4003 559 4058 dominica
577 4003 729 4075 contigisse
744 4005 802 4060 reri
816 4004 927 4061 similli-

112 4148 195 4203 orius
209 4147 329 4217 Magnus
337 4146 451 4201 recitari
465 4146 607 4217 praecepit,
618 4163 652 4201 ex
669 4145 719 4202 lib.
740 4163 791 4214 vii,
806 4146 927 4218 epistola
983 4147 1087 4203 Joanue
1102 4147 1220 4201 Diacouo
1230 4146 1259 4200 in
1271 4145 1434 4217 expositione
1452 4140 1565 4200 aaran
1579 4144 1707 4213 Monuni,
1723 4160 1809 4216 quam

92 4166 139 4286 gd,
152 4217 255 4274 radiet,
265 4218 292 4272 i,
304 4218 385 4274 Certe
399 4216 578 4272 Walafridus
595 4218 708 4281 Strabo,
719 4219 748 4273 iii
766 4233 827 4287 cap.
837 4219 872 4271 22
888 4217 929 4273 ait
985 4218 1190 4290 expositionem
1207 4217 1279 4289 [iii]
1293 4216 1417 4287 reperire
1430 4214 1549 4271 minime
1558 4215 1702 4285 potuimus
1714 4232 1720 4270 :
1731 4215 1812 4271 Oblo-

93 4308 183 4346 usum
200 4288 931 4361 deuntinutSymboticr.excaurbecpuinomo-
985 4291 1089 4345 tionum
1115 4289 1205 4360 [mmo
1229 4296 1308 4359 utque
1331 4303 1469 4351 mensuro,
1495 4303 1555 4341 cum
1577 4287 1705 4341 uideatur
1727 4285 1813 4357 faiam

91 4359 236 4418 concredi
248 4359 420 4432 peruenisse,
435 4360 511 4430 apud
525 4360 623 4416 Gallos
643 4364 739 4416 autem
754 4377 787 4416 ac
813 4360 930 4415 Germa·
986 4362 1145 4432 antiquitus,
1155 4366 1238 4432 proin
1252 4367 1313 4414 crat
1324 4360 1451 4430 cujusque
1465 4357 1587 4413 studium
1613 4365 1691 4428 utque
1706 4357 1813 4414 deuotio

92 4432 238 4489 nosideui
258 4431 409 4504 Symbolum
432 4431 552 4510 luliurcl
580 4430 702 4486 crebrius
729 4431 758 4486 in
778 4430 928 4487 Missurum
949 4431 1278 4507 Dinreligionedioicu,
1298 4447 1434 4500 pauninus
1448 4436 1541 4510 lamen·
1561 4446 1593 4483 ec
1619 4428 1814 4553 scriptislieati

93 4502 205 4561 officiis
220 4503 339 4574 caepisse
347 4502 460 4559 recitari
475 4518 482 4569 ;
497 4502 765 4574 quodproeteralios
779 4508 932 4559 attestatur
986 4505 1042 4560 Gre
1059 4504 1115 4558 orii
1126 4503 1248 4558 certiora
1258 4501 1381 4573 quadani
1391 4500 1573 4572 copereilliur
1583 4501 1627 4555 rei
1639 4500 1667 4554 in
1689 4501 1755 4564 icio,
1765 4499 1815 4571 qui

92 4577 187 4631 AEnas
202 4574 370 4657 parisiensis
383 4575 531 4656 episcopus
546 4572 575 4628 in
597 4572 791 4630 lib.adversus
807 4575 930 4659 Graecos,
985 4522 1080 4630 arrigit
1096 4575 1126 4628 in
1149 4573 1219 4628 libro
1232 4573 1463 4655 ivflflioloqorunu
1484 4587 1542 4641 cop.
1568 4572 1602 4626 55
1619 4588 1625 4625 :
1643 4590 1656 4623 u
1668 4572 1813 4653 Quendam

91 4644 660 4773 retittt‘lluttirltiitt
694 4646 827 4773 :iiiii
840 4646 932 4773 illi·
983 4642 1815 4789 tittlsslttttltittirlltlittindictitiis

91 4791 152 4846 εἰα.
173 4787 438 4859 Deniquet'encius
458 4787 640 4843 allirmatita
666 4788 802 4859 scripturn
819 4789 932 4844 essead
987 4784 1527 4860 offerreDeomoseiui'squeonruibru.
1558 4784 1625 4839 »Ei
1676 4786 1814 4857 ulopost:

93 4864 221 4919 Coenam
240 4858 353 4914 Oomini
369 4861 398 4914 in
424 4859 498 4915 libro
525 4858 624 4914 Grloaii
641 4858 727 4914 :Nori
749 4859 845 4915 diruat
860 4860 933 4927 Sum·
989 4882 1003 4910 «
1024 4860 1198 4930 itlcnisrsrum
1213 4858 1293 4926 eujus
1302 4857 1494 4912 mensuravit
1514 4855 1611 4925 forme
1643 4856 1737 4911 eleuat
1764 4873 1816 4913 esse

94 4932 211 4995 bulanu
226 4931 304 5003 quod
313 4934 485 5003 argumento
498 4935 539 4986 est
554 4929 618 4985 aliis
630 4929 729 4986 diebus
739 4930 793 4986 dici
810 4932 933 5002 potuisse
988 4936 1156 4986 secerdotum
1164 4928 1272 4993 arara,
1284 4926 1600 4998 quaecpupillosimilee
1607 4927 1815 4999 fierijubentnr,

93 5003 216 5061 Gelasio
231 5001 325 5074 primo
337 5002 481 5073 pontifice,
498 5003 604 5073 dequo
621 5001 696 5057 bunc
717 5002 810 5058 locum
831 5001 935 5057 iutelli-
988 5009 1014 5058 et
1028 5000 1327 5072 adaperiemcoronoe.»
1342 4999 1446 5054 Notum
1464 5002 1506 5054 cst
1520 4997 1627 5054 factum
1637 4998 1818 5054 matronali-

92 5076 229 5148 gendum
249 5072 461 5131 existimamus.
480 5072 614 5145 Sedquia
629 5072 699 5127 nihil
712 5072 851 5146 ejusmodi
866 5072 936 5145 legi·
989 5072 1044 5127 lius
1059 5073 1205 5135 Romana,
1225 5087 1297 5142 qun,
1313 5085 1378 5125 curn
1401 5069 1636 5125 communionem
1652 5069 1818 5197 aCreporio

93 5146 188 5204 turin
214 5144 449 5201 sacramentario
478 5144 631 5201 Gelasiano
646 5144 723 5216 apud
747 5143 935 5199 Thomasium
991 5142 1290 5214 acciperetexpnnea
1306 5156 1336 5197 se
1362 5140 1470 5205 oblato,
1498 5140 1562 5196 risit
1584 5157 1686 5212 corpus
1714 5139 1734 5198 C
1757 5140 1818 5196 risti

94 5218 228 5301 vulgato,
245 5214 795 5287 suspendendatantispersententiaest
807 5215 936 5286 deSym·
991 5214 1045 5270 dici
1056 5213 1133 5338 <puori
1148 5217 1222 5295 esset
1246 5211 1341 5295 axilla
1363 5212 1519 5295 oblatione,
1520 5229 1617 5339 Bpriora
1637 5228 1694 5284 epo,
1716 5211 1818 5283 inquit,

93 5290 155 5346 boli
183 5287 355 5344 recitatione
381 5286 484 5343 Gelasii
511 5286 691 5369 pontificatu,
718 5285 844 5341 maxime
870 5301 935 5340 cum
990 5302 1065 5340 macr
1085 5301 1193 5339 urmeis
1205 5285 1269 5355 feci,
1291 5291 1318 5339 et
1332 5283 1384 5339 libr
1403 5283 1498 5340 obtuli.
1549 5300 1606 5339 oris
1630 5284 1733 5355 quippe
1753 5288 1819 5337 lunc

95 5360 202 5416 Patres
218 5358 339 5416 concilii
354 5373 384 5414 iii
394 5357 534 5421 Toletani,
549 5358 577 5414 iri
594 5373 702 5413 canone
716 5358 743 5422 2,
771 5373 853 5412 usum
867 5356 936 5413 reci·
992 5361 1054 5414 erat
1070 5360 1101 5411 ut
1114 5355 1309 5427 unusquisque
1322 5371 1405 5411 suam
1421 5354 1509 5427 ipsius
1523 5355 1650 5411 oblatum
1677 5368 1762 5424 quarn
1772 5368 1820 5406 ro·

94 5431 184 5489 tandi
199 5431 230 5486 in
242 5428 332 5485 sacris
348 5429 475 5502 symboli
490 5430 629 5485 inducant
643 5427 792 5485 secundun
817 5428 936 5500 [crinein
992 5427 1107 5500 cabant)
1141 5426 1256 5498 propria
1290 5442 1378 5482 manu
1417 5426 1579 5483 conticeret.
1609 5423 1689 5481 Unde
1718 5421 1819 5477 Valens

92 5502 282 5559 oricatnlium
297 5500 493 5567 Ecclesinruni,
505 5498 774 5557 dicturiseaundum
787 5498 936 5563 Romanae,
992 5499 1308 5571 imperatordonaqure
1321 5498 1566 5570 ipsemetfecerat‚
1578 5498 1612 5547 ὠν
1622 5495 1766 5575 αὐτουργὸς
1776 5492 1818 5561 ἦν,

93 5576 121 5632 si
138 5573 189 5629 liic
207 5572 371 5645 ritusapud
388 5573 609 5628 Romanoslum
636 5571 757 5628 usitatus
786 5570 885 5628 fuisset
904 5587 938 5627 eo
994 5570 1096 5628 dirime
1114 5587 1219 5627 mensae
1244 5570 1379 5626 obtulisse
1407 5563 1821 5649 perhibeturnGregorioNa·

95 5652 246 5718 tempore.
262 5644 291 5699 id
306 5650 416 5701 estaera
426 5644 475 5701 llis
496 5644 651 5700 anioattYl.
994 5644 1126 5700 nanneno
1143 5642 1172 5698 ia
1189 5641 1303 5698 funebri
1317 5641 1448 5698 oratioue
1463 5639 1558 5696 Basilii
1572 5639 1676 5709 Magni.

131 5718 210 5774 Post
220 5661 494 5789 Evangeliumautg
513 5714 938 5785 mbolumuonnunquampon·
971 5712 976 5719 '
1029 5715 1127 5787 Neque
1155 5713 1430 5785 pretermittendum
1458 5710 1511 5767 hoc
1537 5708 1600 5765 loco
1623 5712 1667 5792 est
1688 5707 1717 5765 id
1745 5709 1822 5781 quod

93 5788 173 5848 tifex
183 5802 352 5846 sermonem
365 5787 403 5844 ad
419 5733 557 5860 populum
579 5786 714 5854 habebat,
728 5786 806 5859 quod
817 5802 835 5842 a
846 5785 940 5843 Leone
996 5785 1170 5842 flambertus
1185 5783 1345 5842 cardioalis
1359 5783 1389 5839 in
1404 5782 1476 5838 libro
1488 5784 1591 5837 couno
1602 5778 1772 5848 Michaeleni
1783 5782 1821 5840 Ce

286 5875 405 5933 Parnoi.
426 5876 565 5934 mviii.
1585 5870 1621 5928 ²⁸
