<?xml version="1.0" encoding="UTF-8"?>
<!DOCTYPE html PUBLIC "-//W3C//DTD XHTML 1.0 Transitional//EN"
    "http://www.w3.org/TR/xhtml1/DTD/xhtml1-transitional.dtd">
<html xmlns="http://www.w3.org/1999/xhtml" xml:lang="en" lang="en">
 <head>
  <title>
</title>
<meta http-equiv="Content-Type" content="text/html;charset=utf-8" />
  <meta name='ocr-system' content='tesseract 3.04.00' />
  <meta name='ocr-capabilities' content='ocr_page ocr_carea ocr_par ocr_line ocrx_word'/>
</head>
<body>
  <div class='ocr_page' id='page_1' title='image "./patrologiaecurs218unkngoog_0690.png"; bbox 0 0 4078 6200; ppageno 0'>
   <div class='ocr_carea' id='block_1_1' title="bbox 229 210 1932 321">
    <p class='ocr_par' dir='ltr' id='par_1_1' title="bbox 229 210 1932 321">
     <span class='ocr_line' id='line_1_1' title="bbox 229 210 1932 321; baseline 0.008 -58"><span class='ocrx_word' id='word_1_1' title='bbox 229 222 309 283; x_wconf 63' lang='lat'>4³„</span> <span class='ocrx_word' id='word_1_2' title='bbox 480 222 484 227; x_wconf 91' lang='lat'>·</span> <span class='ocrx_word' id='word_1_3' title='bbox 684 214 868 321; x_wconf 71' lang='lat' dir='ltr'>armanus</span> <span class='ocrx_word' id='word_1_4' title='bbox 887 214 936 279; x_wconf 78' lang='lat' dir='ltr'>ra</span> <span class='ocrx_word' id='word_1_5' title='bbox 956 213 987 276; x_wconf 86' lang='lat' dir='ltr'>s.</span> <span class='ocrx_word' id='word_1_6' title='bbox 1010 212 1181 276; x_wconf 78' lang='lat' dir='ltr'>auream</span> <span class='ocrx_word' id='word_1_7' title='bbox 1201 210 1321 275; x_wconf 80' lang='lat' dir='ltr'>ulan</span> <span class='ocrx_word' id='word_1_8' title='bbox 1340 210 1471 277; x_wconf 83' lang='lat' dir='ltr'>orara.</span> <span class='ocrx_word' id='word_1_9' title='bbox 1497 248 1504 291; x_wconf 21' lang='lat'>¹-</span> <span class='ocrx_word' id='word_1_10' title='bbox 1645 230 1651 241; x_wconf 51' lang='lat'>1</span> <span class='ocrx_word' id='word_1_11' title='bbox 1864 214 1932 283; x_wconf 82' lang='lat' dir='ltr'>tarr</span> 
     </span>
    </p>
   </div>
   <div class='ocr_carea' id='block_1_2' title="bbox 232 330 2031 510">
    <p class='ocr_par' dir='ltr' id='par_1_2' title="bbox 232 330 2031 615">
     <span class='ocr_line' id='line_1_2' title="bbox 232 330 2031 423; baseline -0.003 -15"><span class='ocrx_word' id='word_1_12' title='bbox 232 352 348 419; x_wconf 72' lang='lat' dir='ltr'>ledat,</span> <span class='ocrx_word' id='word_1_13' title='bbox 360 330 546 406; x_wconf 69' lang='lat' dir='ltr'>mareotam</span> <span class='ocrx_word' id='word_1_14' title='bbox 567 348 685 423; x_wconf 79' lang='lat' dir='ltr'>Eadem</span> <span class='ocrx_word' id='word_1_15' title='bbox 705 349 854 419; x_wconf 69' lang='lat' dir='ltr'>Maiorem.</span> <span class='ocrx_word' id='word_1_16' title='bbox 878 377 911 389; x_wconf 86' lang='lat'>—</span> <span class='ocrx_word' id='word_1_17' title='bbox 930 346 1014 403; x_wconf 77' lang='lat' dir='ltr'>Paria</span> <span class='ocrx_word' id='word_1_18' title='bbox 1030 349 1056 413; x_wconf 82' lang='lat' dir='ltr'>t,</span> <span class='ocrx_word' id='word_1_19' title='bbox 1073 349 1098 408; x_wconf 72' lang='grc' dir='ltr'><strong>Α</strong></span> <span class='ocrx_word' id='word_1_20' title='bbox 1113 344 1152 417; x_wconf 74' lang='lat' dir='ltr'>ad</span> <span class='ocrx_word' id='word_1_21' title='bbox 1168 349 1303 402; x_wconf 89' lang='lat' dir='ltr'>sanatam</span> <span class='ocrx_word' id='word_1_22' title='bbox 1317 345 1439 403; x_wconf 73' lang='lat' dir='ltr'>Mariam</span> <span class='ocrx_word' id='word_1_23' title='bbox 1454 342 1648 415; x_wconf 61' lang='lat' dir='ltr'>liciorum-e</span> <span class='ocrx_word' id='word_1_24' title='bbox 1662 341 1784 409; x_wconf 77' lang='lat' dir='ltr'>eona,</span> <span class='ocrx_word' id='word_1_25' title='bbox 1802 343 1844 403; x_wconf 84' lang='lat' dir='ltr'>ad</span> <span class='ocrx_word' id='word_1_26' title='bbox 1862 348 1932 417; x_wconf 74' lang='lat' dir='ltr'>lpo-</span> <span class='ocrx_word' id='word_1_27' title='bbox 2030 402 2031 405; x_wconf 72' lang='grc'>,</span> 
     </span>
     <span class='ocr_line' id='line_1_3' title="bbox 234 431 1797 510; baseline -0.004 -15"><span class='ocrx_word' id='word_1_28' title='bbox 234 479 330 500; x_wconf 91' lang='grc'><strong>......</strong></span> <span class='ocrx_word' id='word_1_29' title='bbox 348 470 382 479; x_wconf 92' lang='grc'>-</span> <span class='ocrx_word' id='word_1_30' title='bbox 396 437 477 494; x_wconf 66' lang='lat' dir='ltr'>llario</span> <span class='ocrx_word' id='word_1_31' title='bbox 492 442 518 502; x_wconf 82' lang='lat' dir='ltr'>d,</span> <span class='ocrx_word' id='word_1_32' title='bbox 539 437 576 493; x_wconf 88' lang='lat' dir='ltr'>ad</span> <span class='ocrx_word' id='word_1_33' title='bbox 598 436 766 510; x_wconf 66' lang='lat' dir='ltr'>Apostolos.</span> <span class='ocrx_word' id='word_1_34' title='bbox 793 468 825 478; x_wconf 88' lang='lat'>-</span> <span class='ocrx_word' id='word_1_35' title='bbox 852 435 995 499; x_wconf 83' lang='lat' dir='ltr'>Sabbata,</span> <span class='ocrx_word' id='word_1_36' title='bbox 1018 433 1057 491; x_wconf 88' lang='lat' dir='ltr'>ad</span> <span class='ocrx_word' id='word_1_37' title='bbox 1112 433 1213 490; x_wconf 82' lang='lat' dir='ltr'>statos.</span> <span class='ocrx_word' id='word_1_38' title='bbox 1226 464 1259 475; x_wconf 93' lang='lat'>-</span> <span class='ocrx_word' id='word_1_39' title='bbox 1271 432 1508 505; x_wconf 82' lang='lat' dir='ltr'>Sabbata,apud</span> <span class='ocrx_word' id='word_1_40' title='bbox 1523 432 1646 495; x_wconf 77' lang='lat' dir='ltr'>beatum</span> <span class='ocrx_word' id='word_1_41' title='bbox 1664 431 1797 489; x_wconf 85' lang='lat' dir='ltr'>Petrum.</span> 
     </span>
    </p>
   </div>
   <div class='ocr_carea' id='block_1_3' title="bbox 229 526 1935 696">
    <p class='ocr_par' dir='ltr' id='par_1_3' title="bbox 229 526 1935 696">
     <span class='ocr_line' id='line_1_4' title="bbox 229 526 1935 598; baseline 0.002 -16"><span class='ocrx_word' id='word_1_42' title='bbox 229 531 363 583; x_wconf 83' lang='lat' dir='ltr'>sanatum</span> <span class='ocrx_word' id='word_1_43' title='bbox 377 526 506 582; x_wconf 77' lang='lat' dir='ltr'>Petram.</span> <span class='ocrx_word' id='word_1_44' title='bbox 1147 533 1177 587; x_wconf 92' lang='lat' dir='ltr'>la</span> <span class='ocrx_word' id='word_1_45' title='bbox 1192 532 1401 588; x_wconf 82' lang='lat' dir='ltr'>Parillaatiooe</span> <span class='ocrx_word' id='word_1_46' title='bbox 1417 534 1528 587; x_wconf 80' lang='lat' dir='ltr'>sanctu</span> <span class='ocrx_word' id='word_1_47' title='bbox 1544 528 1650 598; x_wconf 69' lang='lat' dir='ltr'>Marisa,</span> <span class='ocrx_word' id='word_1_48' title='bbox 1661 529 1935 587; x_wconf 80' lang='lat' dir='ltr'>atatioadsaactara</span> 
     </span>
     <span class='ocr_line' id='line_1_5' title="bbox 266 620 1403 696; baseline -0.005 -17"><span class='ocrx_word' id='word_1_49' title='bbox 266 623 416 680; x_wconf 83' lang='lat' dir='ltr'>haminiea</span> <span class='ocrx_word' id='word_1_50' title='bbox 432 627 464 679; x_wconf 83' lang='lat' dir='ltr'>ld</span> <span class='ocrx_word' id='word_1_51' title='bbox 476 626 541 696; x_wconf 90' lang='lat' dir='ltr'>post</span> <span class='ocrx_word' id='word_1_52' title='bbox 556 622 759 679; x_wconf 86' lang='lat' dir='ltr'>Pentecosten.</span> <span class='ocrx_word' id='word_1_53' title='bbox 775 651 810 664; x_wconf 94' lang='lat'><em>-</em></span> <span class='ocrx_word' id='word_1_54' title='bbox 828 620 914 679; x_wconf 83' lang='lat' dir='ltr'>Eorta</span> <span class='ocrx_word' id='word_1_55' title='bbox 929 624 956 686; x_wconf 78' lang='lat'>4,</span> <span class='ocrx_word' id='word_1_56' title='bbox 970 621 1055 676; x_wconf 82' lang='lat' dir='ltr'>statio</span> <span class='ocrx_word' id='word_1_57' title='bbox 1110 620 1238 677; x_wconf 87' lang='lat' dir='ltr'>Mariam</span> <span class='ocrx_word' id='word_1_58' title='bbox 1251 620 1403 692; x_wconf 72' lang='lat' dir='ltr'>tiatorem,</span> 
     </span>
    </p>
   </div>
   <div class='ocr_carea' id='block_1_4' title="bbox 515 1124 1555 1256">
    <p class='ocr_par' dir='ltr' id='par_1_4' title="bbox 515 1124 1555 1256">
     <span class='ocr_line' id='line_1_6' title="bbox 515 1124 1555 1256; baseline -0.001 -39"><span class='ocrx_word' id='word_1_59' title='bbox 515 1212 518 1217; x_wconf 76' lang='grc'>,</span> <span class='ocrx_word' id='word_1_60' title='bbox 622 1130 703 1256; x_wconf 78' lang='lat' dir='ltr'>ltll</span> <span class='ocrx_word' id='word_1_61' title='bbox 738 1126 1007 1219; x_wconf 84' lang='lat' dir='ltr'>LIBELLOS</span> <span class='ocrx_word' id='word_1_62' title='bbox 1046 1126 1278 1219; x_wconf 80' lang='lat' dir='ltr'>onolnls</span> <span class='ocrx_word' id='word_1_63' title='bbox 1322 1124 1555 1216; x_wconf 78' lang='lat' dir='ltr'>nonani.</span> 
     </span>
    </p>
   </div>
   <div class='ocr_carea' id='block_1_5' title="bbox 500 1400 1687 1655">
    <p class='ocr_par' dir='ltr' id='par_1_5' title="bbox 500 1400 1687 1655">
     <span class='ocr_line' id='line_1_7' title="bbox 1057 1400 1110 1516; baseline 0 -19"><span class='ocrx_word' id='word_1_64' title='bbox 1057 1400 1110 1516; x_wconf 88' lang='lat'>1.</span> 
     </span>
     <span class='ocr_line' id='line_1_8' title="bbox 500 1580 1687 1655; baseline -0.005 -2"><span class='ocrx_word' id='word_1_65' title='bbox 500 1584 695 1655; x_wconf 75' lang='lat' dir='ltr'>aenaea</span> <span class='ocrx_word' id='word_1_66' title='bbox 727 1580 1687 1655; x_wconf 77' lang='lat' dir='ltr'>auaaanuaaaarrsinonarnaunouanuu.</span> 
     </span>
    </p>
   </div>
   <div class='ocr_carea' id='block_1_6' title="bbox 231 1719 1946 2947">
    <p class='ocr_par' dir='ltr' id='par_1_6' title="bbox 231 1719 1946 2660">
     <span class='ocr_line' id='line_1_9' title="bbox 269 1719 1941 1853; baseline -0.005 -70"><span class='ocrx_word' id='word_1_67' title='bbox 269 1725 359 1853; x_wconf 49' lang='lat' dir='ltr'>M?</span> <span class='ocrx_word' id='word_1_68' title='bbox 373 1726 502 1815; x_wconf 81' lang='lat' dir='ltr'>Capitale</span> <span class='ocrx_word' id='word_1_69' title='bbox 513 1728 656 1801; x_wconf 83' lang='lat' dir='ltr'>sequentis</span> <span class='ocrx_word' id='word_1_70' title='bbox 671 1728 797 1801; x_wconf 81' lang='lat' dir='ltr'>opusculi</span> <span class='ocrx_word' id='word_1_71' title='bbox 814 1731 1017 1800; x_wconf 84' lang='lat' dir='ltr'>praenotemus,</span> <span class='ocrx_word' id='word_1_72' title='bbox 1027 1729 1059 1781; x_wconf 93' lang='lat' dir='ltr'>ut</span> <span class='ocrx_word' id='word_1_73' title='bbox 1073 1732 1095 1790; x_wconf 86' lang='grc' dir='ltr'><strong>Β</strong></span> <span class='ocrx_word' id='word_1_74' title='bbox 1146 1726 1173 1783; x_wconf 79' lang='lat'>7.</span> <span class='ocrx_word' id='word_1_75' title='bbox 1190 1724 1258 1781; x_wconf 83' lang='lat' dir='ltr'><strong>Post</strong></span> <span class='ocrx_word' id='word_1_76' title='bbox 1273 1724 1372 1780; x_wconf 90' lang='lat' dir='ltr'>datam</span> <span class='ocrx_word' id='word_1_77' title='bbox 1389 1741 1488 1799; x_wconf 89' lang='lat' dir='ltr'>pacem</span> <span class='ocrx_word' id='word_1_78' title='bbox 1503 1726 1602 1779; x_wconf 88' lang='lat' dir='ltr'>cantor</span> <span class='ocrx_word' id='word_1_79' title='bbox 1617 1724 1667 1777; x_wconf 92' lang='lat' dir='ltr'>dat</span> <span class='ocrx_word' id='word_1_80' title='bbox 1686 1723 1796 1779; x_wconf 80' lang='lat' dir='ltr'>sanctoe</span> <span class='ocrx_word' id='word_1_81' title='bbox 1808 1719 1941 1776; x_wconf 81' lang='lat' dir='ltr'>Trinitati</span> 
     </span>
     <span class='ocr_line' id='line_1_10' title="bbox 231 1790 1940 1881; baseline -0.004 -28"><span class='ocrx_word' id='word_1_82' title='bbox 231 1796 300 1853; x_wconf 85' lang='lat' dir='ltr'>sio</span> <span class='ocrx_word' id='word_1_83' title='bbox 370 1815 432 1869; x_wconf 78' lang='lat' dir='ltr'>quia</span> <span class='ocrx_word' id='word_1_84' title='bbox 454 1799 570 1873; x_wconf 78' lang='lat' dir='ltr'>ignarus</span> <span class='ocrx_word' id='word_1_85' title='bbox 596 1804 710 1854; x_wconf 82' lang='lat' dir='ltr'>exstans</span> <span class='ocrx_word' id='word_1_86' title='bbox 725 1800 759 1854; x_wconf 91' lang='lat' dir='ltr'>de</span> <span class='ocrx_word' id='word_1_87' title='bbox 774 1798 953 1881; x_wconf 73' lang='lat' dir='ltr'>ignobilitate</span> <span class='ocrx_word' id='word_1_88' title='bbox 972 1798 1058 1871; x_wconf 90' lang='lat' dir='ltr'>hujus</span> <span class='ocrx_word' id='word_1_89' title='bbox 1111 1795 1244 1869; x_wconf 78' lang='lat' dir='ltr'>gloriam,</span> <span class='ocrx_word' id='word_1_90' title='bbox 1258 1794 1339 1867; x_wconf 88' lang='lat' dir='ltr'>quasi</span> <span class='ocrx_word' id='word_1_91' title='bbox 1355 1794 1597 1853; x_wconf 78' lang='lat' dir='ltr'>dicetzGloriam</span> <span class='ocrx_word' id='word_1_92' title='bbox 1613 1793 1766 1849; x_wconf 79' lang='lat' dir='ltr'>referimus</span> <span class='ocrx_word' id='word_1_93' title='bbox 1782 1793 1843 1847; x_wconf 81' lang='lat' dir='ltr'>Deo</span> <span class='ocrx_word' id='word_1_94' title='bbox 1864 1790 1940 1847; x_wconf 82' lang='lat' dir='ltr'>Patri</span> 
     </span>
     <span class='ocr_line' id='line_1_11' title="bbox 232 1864 1941 1942; baseline -0.003 -20"><span class='ocrx_word' id='word_1_95' title='bbox 232 1868 335 1939; x_wconf 85' lang='lat' dir='ltr'>operis.</span> <span class='ocrx_word' id='word_1_96' title='bbox 350 1870 575 1941; x_wconf 72' lang='lat' dir='ltr'>aggrediensque</span> <span class='ocrx_word' id='word_1_97' title='bbox 590 1870 660 1925; x_wconf 91' lang='lat' dir='ltr'>illud</span> <span class='ocrx_word' id='word_1_98' title='bbox 675 1870 756 1941; x_wconf 83' lang='lat' dir='ltr'>quari</span> <span class='ocrx_word' id='word_1_99' title='bbox 770 1872 900 1942; x_wconf 79' lang='lat' dir='ltr'>dignum,</span> <span class='ocrx_word' id='word_1_100' title='bbox 914 1886 946 1925; x_wconf 90' lang='lat' dir='ltr'>ac</span> <span class='ocrx_word' id='word_1_101' title='bbox 960 1875 1056 1940; x_wconf 86' lang='lat' dir='ltr'>pastea</span> <span class='ocrx_word' id='word_1_102' title='bbox 1112 1870 1140 1922; x_wconf 90' lang='lat' dir='ltr'>ct</span> <span class='ocrx_word' id='word_1_103' title='bbox 1153 1864 1259 1923; x_wconf 85' lang='lat' dir='ltr'>Filioet</span> <span class='ocrx_word' id='word_1_104' title='bbox 1273 1866 1388 1938; x_wconf 88' lang='lat' dir='ltr'>Spiritui</span> <span class='ocrx_word' id='word_1_105' title='bbox 1404 1870 1514 1930; x_wconf 87' lang='lat' dir='ltr'>saneta,</span> <span class='ocrx_word' id='word_1_106' title='bbox 1528 1865 1596 1937; x_wconf 87' lang='lat' dir='ltr'>quia</span> <span class='ocrx_word' id='word_1_107' title='bbox 1623 1882 1733 1936; x_wconf 86' lang='lat' dir='ltr'>pacem,</span> <span class='ocrx_word' id='word_1_108' title='bbox 1760 1880 1852 1935; x_wconf 86' lang='lat' dir='ltr'>quam</span> <span class='ocrx_word' id='word_1_109' title='bbox 1877 1878 1941 1933; x_wconf 85' lang='lat' dir='ltr'>pra-</span> 
     </span>
     <span class='ocr_line' id='line_1_12' title="bbox 232 1934 1942 2012; baseline -0.004 -17"><span class='ocrx_word' id='word_1_110' title='bbox 232 1939 378 2011; x_wconf 81' lang='lat' dir='ltr'>roporiens</span> <span class='ocrx_word' id='word_1_111' title='bbox 393 1940 458 2005; x_wconf 76' lang='lat' dir='ltr'>ailo,</span> <span class='ocrx_word' id='word_1_112' title='bbox 472 1957 508 1999; x_wconf 89' lang='lat' dir='ltr'>aa</span> <span class='ocrx_word' id='word_1_113' title='bbox 533 1941 697 2012; x_wconf 71' lang='lat' dir='ltr'>punitentia</span> <span class='ocrx_word' id='word_1_114' title='bbox 711 1941 811 2007; x_wconf 87' lang='lat' dir='ltr'>ductus</span> <span class='ocrx_word' id='word_1_115' title='bbox 836 1941 913 2005; x_wconf 83' lang='lat' dir='ltr'>dicat</span> <span class='ocrx_word' id='word_1_116' title='bbox 926 1941 1002 2012; x_wconf 86' lang='lat' dir='ltr'>apud</span> <span class='ocrx_word' id='word_1_117' title='bbox 1016 1956 1058 1995; x_wconf 85' lang='lat' dir='ltr'>ac·</span> <span class='ocrx_word' id='word_1_118' title='bbox 1112 1937 1300 2010; x_wconf 83' lang='lat' dir='ltr'>phalaritpcr</span> <span class='ocrx_word' id='word_1_119' title='bbox 1311 1941 1426 1997; x_wconf 76' lang='lat' dir='ltr'>sanctos</span> <span class='ocrx_word' id='word_1_120' title='bbox 1440 1954 1507 1997; x_wconf 86' lang='lat' dir='ltr'>suos</span> <span class='ocrx_word' id='word_1_121' title='bbox 1522 1936 1684 2007; x_wconf 84' lang='lat' dir='ltr'>prophetas,</span> <span class='ocrx_word' id='word_1_122' title='bbox 1697 1935 1780 1991; x_wconf 89' lang='lat' dir='ltr'>uobis</span> <span class='ocrx_word' id='word_1_123' title='bbox 1801 1935 1832 1991; x_wconf 90' lang='lat' dir='ltr'>iu</span> <span class='ocrx_word' id='word_1_124' title='bbox 1848 1934 1942 1991; x_wconf 81' lang='lat' dir='ltr'>aoris-</span> 
     </span>
     <span class='ocr_line' id='line_1_13' title="bbox 233 2006 1942 2091; baseline -0.005 -22"><span class='ocrx_word' id='word_1_125' title='bbox 233 2011 399 2083; x_wconf 85' lang='lat' dir='ltr'>metipsum,</span> <span class='ocrx_word' id='word_1_126' title='bbox 415 2011 457 2067; x_wconf 84' lang='lat' dir='ltr'>rol</span> <span class='ocrx_word' id='word_1_127' title='bbox 477 2014 553 2083; x_wconf 91' lang='lat' dir='ltr'>apud</span> <span class='ocrx_word' id='word_1_128' title='bbox 576 2030 642 2081; x_wconf 82' lang='lat' dir='ltr'>suos</span> <span class='ocrx_word' id='word_1_129' title='bbox 657 2017 784 2077; x_wconf 86' lang='lat' dir='ltr'>astantes</span> <span class='ocrx_word' id='word_1_130' title='bbox 799 2030 805 2067; x_wconf 93' lang='lat'>:</span> <span class='ocrx_word' id='word_1_131' title='bbox 818 2013 846 2068; x_wconf 85' lang='lat' dir='ltr'>si</span> <span class='ocrx_word' id='word_1_132' title='bbox 861 2010 1057 2087; x_wconf 77' lang='lat' dir='ltr'><strong>cognovissem</strong></span> <span class='ocrx_word' id='word_1_133' title='bbox 1112 2008 1193 2069; x_wconf 87' lang='lat' dir='ltr'>simis</span> <span class='ocrx_word' id='word_1_134' title='bbox 1219 2009 1391 2081; x_wconf 69' lang='lat' dir='ltr'>temporibus</span> <span class='ocrx_word' id='word_1_135' title='bbox 1420 2009 1554 2091; x_wconf 70' lang='lat' dir='ltr'>dignatus</span> <span class='ocrx_word' id='word_1_136' title='bbox 1574 2012 1617 2065; x_wconf 86' lang='lat' dir='ltr'>est</span> <span class='ocrx_word' id='word_1_137' title='bbox 1640 2008 1802 2065; x_wconf 87' lang='lat' dir='ltr'>ostendere.</span> <span class='ocrx_word' id='word_1_138' title='bbox 1819 2006 1942 2085; x_wconf 79' lang='lat' dir='ltr'>Quaado</span> 
     </span>
     <span class='ocr_line' id='line_1_14' title="bbox 233 2077 1945 2155; baseline -0.004 -18"><span class='ocrx_word' id='word_1_139' title='bbox 233 2080 421 2137; x_wconf 66' lang='lat' dir='ltr'>rusticitatem</span> <span class='ocrx_word' id='word_1_140' title='bbox 436 2082 520 2155; x_wconf 82' lang='lat' dir='ltr'>hujus</span> <span class='ocrx_word' id='word_1_141' title='bbox 536 2085 638 2154; x_wconf 87' lang='lat' dir='ltr'>operis,</span> <span class='ocrx_word' id='word_1_142' title='bbox 655 2084 818 2139; x_wconf 88' lang='lat' dir='ltr'>nullatcnus</span> <span class='ocrx_word' id='word_1_143' title='bbox 835 2083 863 2138; x_wconf 93' lang='lat' dir='ltr'>ia</span> <span class='ocrx_word' id='word_1_144' title='bbox 879 2100 912 2139; x_wconf 91' lang='lat' dir='ltr'>co</span> <span class='ocrx_word' id='word_1_145' title='bbox 930 2084 1058 2137; x_wconf 90' lang='lat' dir='ltr'>laborem</span> <span class='ocrx_word' id='word_1_146' title='bbox 1112 2079 1275 2141; x_wconf 72' lang='lat' dir='ltr'>dicissent</span> <span class='ocrx_word' id='word_1_147' title='bbox 1289 2086 1364 2147; x_wconf 81' lang='lat' dir='ltr'>erat,</span> <span class='ocrx_word' id='word_1_148' title='bbox 1379 2080 1491 2135; x_wconf 86' lang='lat' dir='ltr'>diaconi</span> <span class='ocrx_word' id='word_1_149' title='bbox 1506 2080 1663 2151; x_wconf 86' lang='lat' dir='ltr'>procedunt</span> <span class='ocrx_word' id='word_1_150' title='bbox 1677 2078 1713 2133; x_wconf 89' lang='lat' dir='ltr'>ad</span> <span class='ocrx_word' id='word_1_151' title='bbox 1729 2077 1834 2142; x_wconf 87' lang='lat' dir='ltr'>altare,</span> <span class='ocrx_word' id='word_1_152' title='bbox 1855 2081 1884 2131; x_wconf 90' lang='lat' dir='ltr'>et</span> <span class='ocrx_word' id='word_1_153' title='bbox 1897 2081 1945 2132; x_wconf 79' lang='lat' dir='ltr'>rte</span> 
     </span>
     <span class='ocr_line' id='line_1_15' title="bbox 234 2147 1945 2225; baseline -0.003 -18"><span class='ocrx_word' id='word_1_154' title='bbox 234 2153 383 2208; x_wconf 89' lang='lat' dir='ltr'>oculorum</span> <span class='ocrx_word' id='word_1_155' title='bbox 400 2170 529 2209; x_wconf 88' lang='lat' dir='ltr'>meorum</span> <span class='ocrx_word' id='word_1_156' title='bbox 541 2156 747 2225; x_wconf 80' lang='lat' dir='ltr'>impenderem.</span> <span class='ocrx_word' id='word_1_157' title='bbox 761 2155 863 2210; x_wconf 81' lang='lat' dir='ltr'>videet</span> <span class='ocrx_word' id='word_1_158' title='bbox 878 2155 963 2210; x_wconf 93' lang='lat' dir='ltr'>modo</span> <span class='ocrx_word' id='word_1_159' title='bbox 978 2154 1059 2208; x_wconf 90' lang='lat' dir='ltr'>ioca·</span> <span class='ocrx_word' id='word_1_160' title='bbox 1112 2168 1177 2206; x_wconf 88' lang='lat' dir='ltr'>ram</span> <span class='ocrx_word' id='word_1_161' title='bbox 1193 2155 1374 2220; x_wconf 74' lang='lat' dir='ltr'>repertantur</span> <span class='ocrx_word' id='word_1_162' title='bbox 1385 2152 1420 2206; x_wconf 89' lang='lat' dir='ltr'>ad</span> <span class='ocrx_word' id='word_1_163' title='bbox 1436 2151 1610 2222; x_wconf 85' lang='lat' dir='ltr'>episcopum,</span> <span class='ocrx_word' id='word_1_164' title='bbox 1634 2154 1662 2205; x_wconf 88' lang='lat' dir='ltr'>et</span> <span class='ocrx_word' id='word_1_165' title='bbox 1676 2153 1754 2203; x_wconf 90' lang='lat' dir='ltr'>stant</span> <span class='ocrx_word' id='word_1_166' title='bbox 1768 2147 1869 2203; x_wconf 86' lang='lat' dir='ltr'>erecti.</span> <span class='ocrx_word' id='word_1_167' title='bbox 1883 2148 1945 2206; x_wconf 85' lang='lat' dir='ltr'>Hoc</span> 
     </span>
     <span class='ocr_line' id='line_1_16' title="bbox 235 2219 1946 2297; baseline -0.004 -19"><span class='ocrx_word' id='word_1_168' title='bbox 235 2223 292 2295; x_wconf 88' lang='lat' dir='ltr'>pite</span> <span class='ocrx_word' id='word_1_169' title='bbox 305 2241 368 2295; x_wconf 84' lang='lat' dir='ltr'>quac</span> <span class='ocrx_word' id='word_1_170' title='bbox 381 2231 540 2295; x_wconf 88' lang='lat' dir='ltr'>sequautur</span> <span class='ocrx_word' id='word_1_171' title='bbox 564 2242 652 2297; x_wconf 77' lang='lat' dir='ltr'>rrsrpre</span> <span class='ocrx_word' id='word_1_172' title='bbox 673 2226 701 2281; x_wconf 88' lang='lat' dir='ltr'>ia</span> <span class='ocrx_word' id='word_1_173' title='bbox 717 2225 813 2283; x_wconf 78' lang='lat' dir='ltr'>finam.</span> <span class='ocrx_word' id='word_1_174' title='bbox 830 2228 864 2283; x_wconf 85' lang='lat' dir='ltr'>Et</span> <span class='ocrx_word' id='word_1_175' title='bbox 891 2223 1059 2283; x_wconf 83' lang='lat' dir='ltr'>allectionis</span> <span class='ocrx_word' id='word_1_176' title='bbox 1113 2221 1338 2293; x_wconf 75' lang='lat' dir='ltr'>siguificatqaod</span> <span class='ocrx_word' id='word_1_177' title='bbox 1350 2222 1414 2278; x_wconf 88' lang='lat' dir='ltr'>ideo</span> <span class='ocrx_word' id='word_1_178' title='bbox 1428 2221 1513 2277; x_wconf 91' lang='lat' dir='ltr'>morti</span> <span class='ocrx_word' id='word_1_179' title='bbox 1530 2238 1559 2277; x_wconf 87' lang='lat' dir='ltr'>so</span> <span class='ocrx_word' id='word_1_180' title='bbox 1571 2219 1946 2286; x_wconf 73' lang='lat' dir='ltr'>tradideruntsubauditar</span> 
     </span>
     <span class='ocr_line' id='line_1_17' title="bbox 234 2291 1944 2367; baseline -0.002 -17"><span class='ocrx_word' id='word_1_181' title='bbox 234 2295 362 2363; x_wconf 84' lang='lat' dir='ltr'>canaria</span> <span class='ocrx_word' id='word_1_182' title='bbox 380 2295 507 2367; x_wconf 78' lang='lat' dir='ltr'>aliquam</span> <span class='ocrx_word' id='word_1_183' title='bbox 535 2314 671 2363; x_wconf 80' lang='lat' dir='ltr'>nauseam</span> <span class='ocrx_word' id='word_1_184' title='bbox 696 2297 858 2367; x_wconf 77' lang='lat' dir='ltr'>incurrerit,</span> <span class='ocrx_word' id='word_1_185' title='bbox 883 2295 994 2363; x_wconf 86' lang='lat' dir='ltr'>noniili</span> <span class='ocrx_word' id='word_1_186' title='bbox 1011 2294 1058 2367; x_wconf 86' lang='lat' dir='ltr'>qai</span> <span class='ocrx_word' id='word_1_187' title='bbox 1113 2294 1247 2364; x_wconf 83' lang='lat' dir='ltr'>apostoli,</span> <span class='ocrx_word' id='word_1_188' title='bbox 1271 2300 1303 2351; x_wconf 89' lang='lat' dir='ltr'>ut</span> <span class='ocrx_word' id='word_1_189' title='bbox 1330 2293 1434 2351; x_wconf 81' lang='lat' dir='ltr'>Christi</span> <span class='ocrx_word' id='word_1_190' title='bbox 1458 2291 1568 2363; x_wconf 80' lang='lat' dir='ltr'>corpori</span> <span class='ocrx_word' id='word_1_191' title='bbox 1597 2292 1803 2351; x_wconf 69' lang='lat' dir='ltr'>adunarentur.</span> <span class='ocrx_word' id='word_1_192' title='bbox 1830 2291 1864 2351; x_wconf 87' lang='lat' dir='ltr'>la</span> <span class='ocrx_word' id='word_1_193' title='bbox 1889 2307 1944 2361; x_wconf 82' lang='lat' dir='ltr'>quo</span> 
     </span>
     <span class='ocr_line' id='line_1_18' title="bbox 234 2363 1945 2443; baseline -0.001 -22"><span class='ocrx_word' id='word_1_194' title='bbox 234 2365 386 2441; x_wconf 68' lang='lat' dir='ltr'>ordinarii,</span> <span class='ocrx_word' id='word_1_195' title='bbox 403 2366 659 2441; x_wconf 84' lang='lat' dir='ltr'>lautumingrotus</span> <span class='ocrx_word' id='word_1_196' title='bbox 685 2368 797 2441; x_wconf 67' lang='lat' dir='ltr'>existat,</span> <span class='ocrx_word' id='word_1_197' title='bbox 825 2369 918 2433; x_wconf 80' lang='lat' dir='ltr'>sodet</span> <span class='ocrx_word' id='word_1_198' title='bbox 943 2365 1058 2443; x_wconf 81' lang='lat' dir='ltr'>sibiqui</span> <span class='ocrx_word' id='word_1_199' title='bbox 1113 2364 1546 2435; x_wconf 81' lang='lat' dir='ltr'>versarerietasmultiplicium</span> <span class='ocrx_word' id='word_1_200' title='bbox 1571 2367 1735 2434; x_wconf 86' lang='lat' dir='ltr'>temporum</span> <span class='ocrx_word' id='word_1_201' title='bbox 1763 2363 1945 2421; x_wconf 82' lang='lat' dir='ltr'>demonstra·</span> 
     </span>
     <span class='ocr_line' id='line_1_19' title="bbox 233 2426 1944 2563; baseline -0.004 -72"><span class='ocrx_word' id='word_1_202' title='bbox 233 2437 348 2561; x_wconf 57' lang='lat' dir='ltr'>cppnipa</span> <span class='ocrx_word' id='word_1_203' title='bbox 359 2426 539 2563; x_wconf 74' lang='lat' dir='ltr'>iganlpilitatc</span> <span class='ocrx_word' id='word_1_204' title='bbox 565 2437 656 2512; x_wconf 79' lang='lat' dir='ltr'>tnagis</span> <span class='ocrx_word' id='word_1_205' title='bbox 669 2456 733 2495; x_wconf 88' lang='lat' dir='ltr'>eam</span> <span class='ocrx_word' id='word_1_206' title='bbox 749 2436 834 2510; x_wconf 80' lang='lat' dir='ltr'>elogii</span> <span class='ocrx_word' id='word_1_207' title='bbox 853 2434 951 2493; x_wconf 90' lang='lat' dir='ltr'>rimari</span> <span class='ocrx_word' id='word_1_208' title='bbox 971 2453 1059 2509; x_wconf 89' lang='lat' dir='ltr'>usque</span> <span class='ocrx_word' id='word_1_209' title='bbox 1114 2439 1181 2502; x_wconf 80' lang='lat' dir='ltr'>tar3</span> <span class='ocrx_word' id='word_1_210' title='bbox 1205 2436 1234 2491; x_wconf 92' lang='lat' dir='ltr'>id</span> <span class='ocrx_word' id='word_1_211' title='bbox 1263 2440 1316 2499; x_wconf 86' lang='lat' dir='ltr'>est,</span> <span class='ocrx_word' id='word_1_212' title='bbox 1332 2436 1407 2561; x_wconf 50' lang='lat' dir='ltr'>mim</span> <span class='ocrx_word' id='word_1_213' title='bbox 1421 2443 1483 2491; x_wconf 84' lang='lat' dir='ltr'>erat</span> <span class='ocrx_word' id='word_1_214' title='bbox 1497 2435 1694 2561; x_wconf 63' lang='lat' dir='ltr'>iafppiacipiot</span> <span class='ocrx_word' id='word_1_215' title='bbox 1706 2434 1902 2558; x_wconf 64' lang='lat' dir='ltr'>ppaeteriturrp,</span> <span class='ocrx_word' id='word_1_216' title='bbox 1918 2438 1944 2514; x_wconf 79' lang='lat' dir='ltr'>et</span> 
     </span>
     <span class='ocr_line' id='line_1_20' title="bbox 233 2518 1944 2656; baseline -0.004 -16"><span class='ocrx_word' id='word_1_217' title='bbox 233 2522 250 2561; x_wconf 53' lang='lat' dir='ltr'><strong>a</strong></span> <span class='ocrx_word' id='word_1_218' title='bbox 285 2524 319 2563; x_wconf 56' lang='lat' dir='ltr'><strong>m</strong></span> <span class='ocrx_word' id='word_1_219' title='bbox 331 2524 402 2569; x_wconf 44' lang='lat' dir='ltr'><strong>cem,</strong></span> <span class='ocrx_word' id='word_1_220' title='bbox 419 2525 434 2564; x_wconf 59' lang='lat' dir='ltr'>e</span> <span class='ocrx_word' id='word_1_221' title='bbox 448 2525 472 2564; x_wconf 41' lang='grc' dir='ltr'>θ’</span> <span class='ocrx_word' id='word_1_222' title='bbox 484 2583 524 2639; x_wconf 81' lang='lat' dir='ltr'>sse</span> <span class='ocrx_word' id='word_1_223' title='bbox 540 2583 671 2637; x_wconf 81' lang='lat' dir='ltr'>Romano</span> <span class='ocrx_word' id='word_1_224' title='bbox 692 2581 810 2641; x_wconf 80' lang='lat' dir='ltr'>Ordine.</span> <span class='ocrx_word' id='word_1_225' title='bbox 1113 2518 1944 2660; x_wconf 43' lang='lat' dir='ltr'>{lggrerfirrafflrgggiorirafffflzitalrlidifflues.sslgriffiigeez</span> 
     </span>
    </p>

    <p class='ocr_par' dir='ltr' id='par_1_7' title="bbox 231 2644 1943 2947">
     <span class='ocr_line' id='line_1_21' title="bbox 267 2644 1943 2731; baseline -0.004 -26"><span class='ocrx_word' id='word_1_226' title='bbox 267 2649 294 2717; x_wconf 79' lang='lat' dir='ltr'>t.</span> <span class='ocrx_word' id='word_1_227' title='bbox 306 2649 424 2707; x_wconf 84' lang='lat' dir='ltr'>blascuir</span> <span class='ocrx_word' id='word_1_228' title='bbox 440 2653 567 2711; x_wconf 81' lang='lat' dir='ltr'>started</span> <span class='ocrx_word' id='word_1_229' title='bbox 583 2651 739 2717; x_wconf 79' lang='lat' dir='ltr'>nostratem</span> <span class='ocrx_word' id='word_1_230' title='bbox 758 2656 882 2725; x_wconf 82' lang='lat' dir='ltr'>portem,</span> <span class='ocrx_word' id='word_1_231' title='bbox 898 2656 927 2711; x_wconf 86' lang='lat' dir='ltr'>ct</span> <span class='ocrx_word' id='word_1_232' title='bbox 942 2650 1059 2709; x_wconf 73' lang='lat' dir='ltr'>feminae</span> <span class='ocrx_word' id='word_1_233' title='bbox 1114 2650 1520 2731; x_wconf 67' lang='lat' dir='ltr'>Quotiessaeantosmcoidrrnn</span> <span class='ocrx_word' id='word_1_234' title='bbox 1530 2651 1727 2711; x_wconf 82' lang='lat' dir='ltr'>nominantur,</span> <span class='ocrx_word' id='word_1_235' title='bbox 1740 2647 1865 2709; x_wconf 84' lang='lat' dir='ltr'>tortasse</span> <span class='ocrx_word' id='word_1_236' title='bbox 1879 2644 1943 2727; x_wconf 72' lang='lat' dir='ltr'>lacet</span> 
     </span>
     <span class='ocr_line' id='line_1_22' title="bbox 232 2706 1942 2795; baseline -0.005 -16"><span class='ocrx_word' id='word_1_237' title='bbox 232 2720 430 2789; x_wconf 72' lang='lat' dir='ltr'>cohercerem,</span> <span class='ocrx_word' id='word_1_238' title='bbox 446 2726 478 2777; x_wconf 90' lang='lat' dir='ltr'>ut</span> <span class='ocrx_word' id='word_1_239' title='bbox 490 2722 657 2779; x_wconf 87' lang='lat' dir='ltr'>ostendatur</span> <span class='ocrx_word' id='word_1_240' title='bbox 670 2739 720 2794; x_wconf 82' lang='lat' dir='ltr'>pet·</span> <span class='ocrx_word' id='word_1_241' title='bbox 736 2722 884 2781; x_wconf 82' lang='lat' dir='ltr'>fortiorem</span> <span class='ocrx_word' id='word_1_242' title='bbox 900 2739 998 2791; x_wconf 79' lang='lat' dir='ltr'>serum</span> <span class='ocrx_word' id='word_1_243' title='bbox 1014 2720 1061 2779; x_wconf 86' lang='lat' dir='ltr'>iir-</span> <span class='ocrx_word' id='word_1_244' title='bbox 1114 2726 1228 2795; x_wconf 80' lang='lat' dir='ltr'>ignotus</span> <span class='ocrx_word' id='word_1_245' title='bbox 1245 2719 1336 2791; x_wconf 78' lang='lat' dir='ltr'>nohiS,</span> <span class='ocrx_word' id='word_1_246' title='bbox 1352 2724 1451 2775; x_wconf 86' lang='lat' dir='ltr'>tomen</span> <span class='ocrx_word' id='word_1_247' title='bbox 1466 2736 1483 2775; x_wconf 89' lang='lat' dir='ltr'>a</span> <span class='ocrx_word' id='word_1_248' title='bbox 1496 2718 1618 2775; x_wconf 81' lang='lat' dir='ltr'>Dorrriao</span> <span class='ocrx_word' id='word_1_249' title='bbox 1628 2720 1718 2775; x_wconf 87' lang='lat' dir='ltr'>status</span> <span class='ocrx_word' id='word_1_250' title='bbox 1730 2706 1834 2791; x_wconf 83' lang='lat' dir='ltr'>aliquis</span> <span class='ocrx_word' id='word_1_251' title='bbox 1845 2722 1942 2771; x_wconf 78' lang='lat' dir='ltr'>termi-</span> 
     </span>
     <span class='ocr_line' id='line_1_23' title="bbox 233 2786 1943 2865; baseline -0.002 -20"><span class='ocrx_word' id='word_1_252' title='bbox 233 2792 339 2848; x_wconf 88' lang='lat' dir='ltr'>miores</span> <span class='ocrx_word' id='word_1_253' title='bbox 351 2796 465 2848; x_wconf 83' lang='lat' dir='ltr'>sanatos</span> <span class='ocrx_word' id='word_1_254' title='bbox 478 2810 591 2865; x_wconf 88' lang='lat' dir='ltr'>semper</span> <span class='ocrx_word' id='word_1_255' title='bbox 605 2795 738 2849; x_wconf 89' lang='lat' dir='ltr'>constitui</span> <span class='ocrx_word' id='word_1_256' title='bbox 753 2795 781 2849; x_wconf 91' lang='lat' dir='ltr'>io</span> <span class='ocrx_word' id='word_1_257' title='bbox 798 2793 955 2849; x_wconf 90' lang='lat' dir='ltr'>ma&#39;orihas</span> <span class='ocrx_word' id='word_1_258' title='bbox 970 2796 1059 2849; x_wconf 86' lang='lat' dir='ltr'>tenta·</span> <span class='ocrx_word' id='word_1_259' title='bbox 1114 2808 1167 2846; x_wconf 88' lang='lat' dir='ltr'>nus</span> <span class='ocrx_word' id='word_1_260' title='bbox 1181 2791 1334 2857; x_wconf 89' lang='lat' dir='ltr'>indicatur,</span> <span class='ocrx_word' id='word_1_261' title='bbox 1350 2795 1403 2847; x_wconf 88' lang='lat' dir='ltr'>etc.</span> <span class='ocrx_word' id='word_1_262' title='bbox 1420 2791 1539 2856; x_wconf 88' lang='lat' dir='ltr'>Quaado</span> <span class='ocrx_word' id='word_1_263' title='bbox 1555 2789 1659 2844; x_wconf 89' lang='lat' dir='ltr'>dicitur</span> <span class='ocrx_word' id='word_1_264' title='bbox 1673 2786 1853 2863; x_wconf 85' lang='lat' dir='ltr'>prophetalis</span> <span class='ocrx_word' id='word_1_265' title='bbox 1877 2786 1943 2842; x_wconf 75' lang='lat' dir='ltr'>Ver</span> 
     </span>
     <span class='ocr_line' id='line_1_24' title="bbox 231 2811 1941 2947; baseline -0.002 -31"><span class='ocrx_word' id='word_1_266' title='bbox 231 2861 359 2918; x_wconf 88' lang='lat' dir='ltr'>tionibus</span> <span class='ocrx_word' id='word_1_267' title='bbox 375 2868 462 2919; x_wconf 77' lang='lat' dir='ltr'>aestus</span> <span class='ocrx_word' id='word_1_268' title='bbox 477 2864 562 2934; x_wconf 87' lang='lat' dir='ltr'>hujus</span> <span class='ocrx_word' id='word_1_269' title='bbox 578 2865 688 2931; x_wconf 88' lang='lat' dir='ltr'>mundi,</span> <span class='ocrx_word' id='word_1_270' title='bbox 705 2870 732 2920; x_wconf 91' lang='lat' dir='ltr'>ct</span> <span class='ocrx_word' id='word_1_271' title='bbox 743 2811 990 2947; x_wconf 56' lang='lat' dir='ltr'>perinlirmiorem</span> <span class='ocrx_word' id='word_1_272' title='bbox 1004 2864 1060 2918; x_wconf 89' lang='lat' dir='ltr'>ira·</span> <span class='ocrx_word' id='word_1_273' title='bbox 1114 2880 1172 2928; x_wconf 86' lang='lat' dir='ltr'>aas,</span> <span class='ocrx_word' id='word_1_274' title='bbox 1187 2863 1336 2934; x_wconf 88' lang='lat' dir='ltr'>episcopus</span> <span class='ocrx_word' id='word_1_275' title='bbox 1350 2860 1427 2917; x_wconf 85' lang='lat' dir='ltr'>radit</span> <span class='ocrx_word' id='word_1_276' title='bbox 1457 2862 1495 2916; x_wconf 87' lang='lat' dir='ltr'>ad</span> <span class='ocrx_word' id='word_1_277' title='bbox 1518 2861 1618 2929; x_wconf 86' lang='lat' dir='ltr'>altare,</span> <span class='ocrx_word' id='word_1_278' title='bbox 1636 2865 1667 2917; x_wconf 86' lang='lat' dir='ltr'>et</span> <span class='ocrx_word' id='word_1_279' title='bbox 1693 2859 1842 2916; x_wconf 85' lang='lat' dir='ltr'>osculatur</span> <span class='ocrx_word' id='word_1_280' title='bbox 1865 2873 1941 2921; x_wconf 84' lang='lat' dir='ltr'>eum,</span> 
     </span>
    </p>
   </div>
   <div class='ocr_carea' id='block_1_7' title="bbox 232 2930 1941 3073">
    <p class='ocr_par' dir='ltr' id='par_1_8' title="bbox 232 2930 1941 3073">
     <span class='ocr_line' id='line_1_25' title="bbox 232 2930 1941 3073; baseline 0.002 -86"><span class='ocrx_word' id='word_1_281' title='bbox 232 2932 420 3005; x_wconf 80' lang='lat' dir='ltr'>gillonemqua</span> <span class='ocrx_word' id='word_1_282' title='bbox 435 2951 534 2991; x_wconf 78' lang='lat' dir='ltr'>rerum</span> <span class='ocrx_word' id='word_1_283' title='bbox 551 2936 724 2993; x_wconf 81' lang='lat' dir='ltr'>infirmiores</span> <span class='ocrx_word' id='word_1_284' title='bbox 742 2953 770 2991; x_wconf 90' lang='lat' dir='ltr'>ra</span> <span class='ocrx_word' id='word_1_285' title='bbox 784 2936 893 3007; x_wconf 86' lang='lat' dir='ltr'>aptiore</span> <span class='ocrx_word' id='word_1_286' title='bbox 916 2935 989 3000; x_wconf 86' lang='lat' dir='ltr'>loro,</span> <span class='ocrx_word' id='word_1_287' title='bbox 1005 2939 1057 2991; x_wconf 87' lang='lat' dir='ltr'>etc.</span> <span class='ocrx_word' id='word_1_288' title='bbox 1113 2934 1181 3073; x_wconf 66' lang='lat' dir='ltr'>puio</span> <span class='ocrx_word' id='word_1_289' title='bbox 1195 2950 1245 3006; x_wconf 88' lang='lat' dir='ltr'>per</span> <span class='ocrx_word' id='word_1_290' title='bbox 1273 2950 1324 3015; x_wconf 76' lang='lat' dir='ltr'>ora</span> <span class='ocrx_word' id='word_1_291' title='bbox 1338 2933 1544 3015; x_wconf 86' lang='lat' dir='ltr'>prophetarum</span> <span class='ocrx_word' id='word_1_292' title='bbox 1571 2930 1698 2991; x_wconf 80' lang='lat' dir='ltr'>Claustra</span> <span class='ocrx_word' id='word_1_293' title='bbox 1713 2930 1791 2989; x_wconf 80' lang='lat' dir='ltr'>veuit</span> <span class='ocrx_word' id='word_1_294' title='bbox 1809 2930 1840 2987; x_wconf 85' lang='lat' dir='ltr'>iu</span> <span class='ocrx_word' id='word_1_295' title='bbox 1861 2945 1941 2991; x_wconf 69' lang='lat' dir='ltr'>ntun-</span> 
     </span>
    </p>
   </div>
   <div class='ocr_carea' id='block_1_8' title="bbox 135 3004 1942 5706">
    <p class='ocr_par' dir='ltr' id='par_1_9' title="bbox 272 3004 1601 3079">
     <span class='ocr_line' id='line_1_26' title="bbox 272 3004 1601 3079; baseline -0.005 -16"><span class='ocrx_word' id='word_1_296' title='bbox 272 3004 360 3078; x_wconf 85' lang='grc'>550</span> <span class='ocrx_word' id='word_1_297' title='bbox 375 3007 401 3063; x_wconf 72' lang='lat'>2.</span> <span class='ocrx_word' id='word_1_298' title='bbox 414 3006 568 3076; x_wconf 76' lang='lat' dir='ltr'>Episcopus</span> <span class='ocrx_word' id='word_1_299' title='bbox 580 3024 596 3062; x_wconf 88' lang='lat' dir='ltr'>a</span> <span class='ocrx_word' id='word_1_300' title='bbox 606 3006 853 3079; x_wconf 70' lang='lat' dir='ltr'>loeroiagrcditun</span> <span class='ocrx_word' id='word_1_301' title='bbox 866 3009 895 3063; x_wconf 88' lang='lat' dir='ltr'>ot</span> <span class='ocrx_word' id='word_1_302' title='bbox 909 3005 1013 3069; x_wconf 85' lang='lat' dir='ltr'>transit</span> <span class='ocrx_word' id='word_1_303' title='bbox 1023 3006 1060 3060; x_wconf 91' lang='lat' dir='ltr'>ad</span> <span class='ocrx_word' id='word_1_304' title='bbox 1136 3022 1194 3070; x_wconf 79' lang='lat' dir='ltr'>am,</span> <span class='ocrx_word' id='word_1_305' title='bbox 1211 3009 1361 3073; x_wconf 78' lang='lat' dir='ltr'>ettraarut</span> <span class='ocrx_word' id='word_1_306' title='bbox 1376 3005 1413 3065; x_wconf 87' lang='lat' dir='ltr'>ad</span> <span class='ocrx_word' id='word_1_307' title='bbox 1428 3004 1601 3075; x_wconf 87' lang='lat' dir='ltr'>passionem.</span> 
     </span>
    </p>

    <p class='ocr_par' dir='ltr' id='par_1_10' title="bbox 135 3072 1942 3575">
     <span class='ocr_line' id='line_1_27' title="bbox 234 3072 1941 3152; baseline -0.001 -23"><span class='ocrx_word' id='word_1_308' title='bbox 234 3075 376 3131; x_wconf 73' lang='lat' dir='ltr'>dextram¹</span> <span class='ocrx_word' id='word_1_309' title='bbox 394 3075 497 3130; x_wconf 83' lang='lat' dir='ltr'>Christi</span> <span class='ocrx_word' id='word_1_310' title='bbox 523 3076 601 3132; x_wconf 89' lang='lat' dir='ltr'>caim</span> <span class='ocrx_word' id='word_1_311' title='bbox 630 3093 797 3148; x_wconf 89' lang='lat' dir='ltr'>corpusaos</span> <span class='ocrx_word' id='word_1_312' title='bbox 825 3093 924 3133; x_wconf 88' lang='lat' dir='ltr'>sumus</span> <span class='ocrx_word' id='word_1_313' title='bbox 948 3089 1097 3152; x_wconf 72' lang='lat' dir='ltr'>omncsc</span> <span class='ocrx_word' id='word_1_314' title='bbox 1150 3074 1502 3151; x_wconf 84' lang='lat' dir='ltr'>8.lliecouistantprimo</span> <span class='ocrx_word' id='word_1_315' title='bbox 1522 3073 1651 3129; x_wconf 85' lang='lat' dir='ltr'>inclinati</span> <span class='ocrx_word' id='word_1_316' title='bbox 1671 3076 1738 3129; x_wconf 88' lang='lat' dir='ltr'>ante</span> <span class='ocrx_word' id='word_1_317' title='bbox 1767 3072 1941 3129; x_wconf 80' lang='lat' dir='ltr'>alterarum</span> 
     </span>
     <span class='ocr_line' id='line_1_28' title="bbox 234 3144 1942 3220; baseline 0 -23"><span class='ocrx_word' id='word_1_318' title='bbox 234 3144 359 3215; x_wconf 87' lang='lat' dir='ltr'>ldeoquc</span> <span class='ocrx_word' id='word_1_319' title='bbox 375 3145 418 3200; x_wconf 87' lang='lat' dir='ltr'>ius</span> <span class='ocrx_word' id='word_1_320' title='bbox 431 3150 474 3201; x_wconf 88' lang='lat' dir='ltr'>est</span> <span class='ocrx_word' id='word_1_321' title='bbox 488 3150 519 3202; x_wconf 91' lang='lat' dir='ltr'>ut</span> <span class='ocrx_word' id='word_1_322' title='bbox 544 3146 691 3219; x_wconf 87' lang='lat' dir='ltr'>episcopus</span> <span class='ocrx_word' id='word_1_323' title='bbox 704 3147 816 3202; x_wconf 88' lang='lat' dir='ltr'>intrans</span> <span class='ocrx_word' id='word_1_324' title='bbox 830 3146 979 3204; x_wconf 86' lang='lat' dir='ltr'>ecclesiam</span> <span class='ocrx_word' id='word_1_325' title='bbox 993 3147 1060 3202; x_wconf 90' lang='lat' dir='ltr'>imi·</span> <span class='ocrx_word' id='word_1_326' title='bbox 1114 3146 1256 3220; x_wconf 89' lang='lat' dir='ltr'>episcopo,</span> <span class='ocrx_word' id='word_1_327' title='bbox 1274 3163 1362 3219; x_wconf 88' lang='lat' dir='ltr'>usque</span> <span class='ocrx_word' id='word_1_328' title='bbox 1376 3145 1457 3203; x_wconf 82' lang='lat' dir='ltr'>Sicut</span> <span class='ocrx_word' id='word_1_329' title='bbox 1467 3153 1541 3211; x_wconf 84' lang='lat' dir='ltr'>erui,</span> <span class='ocrx_word' id='word_1_330' title='bbox 1561 3145 1630 3218; x_wconf 87' lang='lat' dir='ltr'>quia</span> <span class='ocrx_word' id='word_1_331' title='bbox 1645 3145 1749 3200; x_wconf 89' lang='lat' dir='ltr'>choros</span> <span class='ocrx_word' id='word_1_332' title='bbox 1779 3147 1942 3213; x_wconf 73' lang='lat' dir='ltr'>martyrum</span> 
     </span>
     <span class='ocr_line' id='line_1_29' title="bbox 233 3213 1939 3288; baseline -0.001 -19"><span class='ocrx_word' id='word_1_333' title='bbox 233 3218 312 3271; x_wconf 81' lang='lat' dir='ltr'>tetur</span> <span class='ocrx_word' id='word_1_334' title='bbox 326 3232 407 3271; x_wconf 90' lang='lat' dir='ltr'>suum</span> <span class='ocrx_word' id='word_1_335' title='bbox 423 3222 509 3288; x_wconf 86' lang='lat' dir='ltr'>caput</span> <span class='ocrx_word' id='word_1_336' title='bbox 522 3217 664 3274; x_wconf 83' lang='lat' dir='ltr'>Christum</span> <span class='ocrx_word' id='word_1_337' title='bbox 688 3219 715 3273; x_wconf 93' lang='lat' dir='ltr'>ia</span> <span class='ocrx_word' id='word_1_338' title='bbox 738 3218 896 3275; x_wconf 84' lang='lat' dir='ltr'>redientem</span> <span class='ocrx_word' id='word_1_339' title='bbox 924 3218 953 3274; x_wconf 93' lang='lat' dir='ltr'>in</span> <span class='ocrx_word' id='word_1_340' title='bbox 980 3235 1062 3273; x_wconf 89' lang='lat' dir='ltr'>mun·</span> <span class='ocrx_word' id='word_1_341' title='bbox 1113 3222 1276 3274; x_wconf 85' lang='lat' dir='ltr'>sanctorum</span> <span class='ocrx_word' id='word_1_342' title='bbox 1291 3217 1557 3273; x_wconf 85' lang='lat' dir='ltr'>antenorissimem</span> <span class='ocrx_word' id='word_1_343' title='bbox 1584 3214 1801 3272; x_wconf 84' lang='lat' dir='ltr'>tribulationem</span> <span class='ocrx_word' id='word_1_344' title='bbox 1817 3213 1849 3269; x_wconf 93' lang='lat' dir='ltr'>in</span> <span class='ocrx_word' id='word_1_345' title='bbox 1875 3230 1939 3268; x_wconf 85' lang='lat' dir='ltr'>eoa·</span> 
     </span>
     <span class='ocr_line' id='line_1_30' title="bbox 235 3283 1940 3361; baseline 0.001 -21"><span class='ocrx_word' id='word_1_346' title='bbox 235 3286 302 3341; x_wconf 91' lang='lat' dir='ltr'>dum</span> <span class='ocrx_word' id='word_1_347' title='bbox 321 3285 570 3359; x_wconf 83' lang='lat' dir='ltr'>;lurrampartam</span> <span class='ocrx_word' id='word_1_348' title='bbox 587 3289 680 3360; x_wconf 79' lang='lat' dir='ltr'>tetigit</span> <span class='ocrx_word' id='word_1_349' title='bbox 727 3290 837 3349; x_wconf 82' lang='lat' dir='ltr'>strator</span> <span class='ocrx_word' id='word_1_350' title='bbox 862 3294 968 3354; x_wconf 88' lang='lat' dir='ltr'>noster,</span> <span class='ocrx_word' id='word_1_351' title='bbox 994 3289 1062 3360; x_wconf 89' lang='lat' dir='ltr'>quia</span> <span class='ocrx_word' id='word_1_352' title='bbox 1113 3290 1187 3346; x_wconf 83' lang='lat' dir='ltr'>salle</span> <span class='ocrx_word' id='word_1_353' title='bbox 1202 3290 1396 3361; x_wconf 78' lang='lat' dir='ltr'>lacrymarum</span> <span class='ocrx_word' id='word_1_354' title='bbox 1410 3289 1634 3349; x_wconf 77' lang='lat' dir='ltr'>manetlhstao</span> <span class='ocrx_word' id='word_1_355' title='bbox 1650 3285 1787 3357; x_wconf 68' lang='lat' dir='ltr'>Martyria</span> <span class='ocrx_word' id='word_1_356' title='bbox 1811 3283 1940 3347; x_wconf 72' lang='lat' dir='ltr'>morasti</span> 
     </span>
     <span class='ocr_line' id='line_1_31' title="bbox 233 3356 1940 3433; baseline 0.002 -18"><span class='ocrx_word' id='word_1_357' title='bbox 233 3358 422 3429; x_wconf 76' lang='lat' dir='ltr'>temporalem</span> <span class='ocrx_word' id='word_1_358' title='bbox 436 3360 600 3433; x_wconf 76' lang='lat' dir='ltr'>resumpsit.</span> <span class='ocrx_word' id='word_1_359' title='bbox 617 3365 671 3417; x_wconf 86' lang='lat' dir='ltr'>etc.</span> <span class='ocrx_word' id='word_1_360' title='bbox 1114 3360 1199 3417; x_wconf 88' lang='lat' dir='ltr'>erecti</span> <span class='ocrx_word' id='word_1_361' title='bbox 1214 3365 1293 3417; x_wconf 87' lang='lat' dir='ltr'>stant</span> <span class='ocrx_word' id='word_1_362' title='bbox 1304 3359 1425 3429; x_wconf 77' lang='lat' dir='ltr'>liberati,</span> <span class='ocrx_word' id='word_1_363' title='bbox 1438 3365 1466 3429; x_wconf 81' lang='lat' dir='ltr'>et</span> <span class='ocrx_word' id='word_1_364' title='bbox 1481 3359 1571 3421; x_wconf 82' lang='lat' dir='ltr'>scauri</span> <span class='ocrx_word' id='word_1_365' title='bbox 1580 3360 1643 3433; x_wconf 64' lang='lat' dir='ltr'>jope</span> <span class='ocrx_word' id='word_1_366' title='bbox 1664 3359 1699 3423; x_wconf 74' lang='lat' dir='ltr'>th</span> <span class='ocrx_word' id='word_1_367' title='bbox 1714 3356 1795 3415; x_wconf 86' lang='lat' dir='ltr'>omni</span> <span class='ocrx_word' id='word_1_368' title='bbox 1812 3372 1940 3433; x_wconf 70' lang='lat' dir='ltr'>perstet·</span> 
     </span>
     <span class='ocr_line' id='line_1_32' title="bbox 269 3424 1938 3505; baseline -0.002 -20"><span class='ocrx_word' id='word_1_369' title='bbox 269 3426 296 3485; x_wconf 80' lang='lat'>3.</span> <span class='ocrx_word' id='word_1_370' title='bbox 310 3430 423 3487; x_wconf 85' lang='lat' dir='ltr'>latrent</span> <span class='ocrx_word' id='word_1_371' title='bbox 434 3446 499 3487; x_wconf 90' lang='lat' dir='ltr'>cum</span> <span class='ocrx_word' id='word_1_372' title='bbox 516 3447 549 3487; x_wconf 89' lang='lat' dir='ltr'>eo</span> <span class='ocrx_word' id='word_1_373' title='bbox 562 3448 619 3486; x_wconf 90' lang='lat' dir='ltr'>non</span> <span class='ocrx_word' id='word_1_374' title='bbox 631 3432 753 3503; x_wconf 89' lang='lat' dir='ltr'>amplius</span> <span class='ocrx_word' id='word_1_375' title='bbox 767 3448 854 3503; x_wconf 91' lang='lat' dir='ltr'>quam</span> <span class='ocrx_word' id='word_1_376' title='bbox 868 3435 978 3502; x_wconf 85' lang='lat' dir='ltr'>septem</span> <span class='ocrx_word' id='word_1_377' title='bbox 998 3430 1061 3487; x_wconf 91' lang='lat' dir='ltr'>dia·</span> <span class='ocrx_word' id='word_1_378' title='bbox 1113 3431 1202 3497; x_wconf 88' lang='lat' dir='ltr'>tione,</span> <span class='ocrx_word' id='word_1_379' title='bbox 1218 3448 1340 3503; x_wconf 85' lang='lat' dir='ltr'>quornm</span> <span class='ocrx_word' id='word_1_380' title='bbox 1357 3433 1430 3495; x_wconf 87' lang='lat' dir='ltr'>Deus</span> <span class='ocrx_word' id='word_1_381' title='bbox 1443 3430 1541 3505; x_wconf 78' lang='lat' dir='ltr'>oeulos</span> <span class='ocrx_word' id='word_1_382' title='bbox 1556 3426 1690 3487; x_wconf 86' lang='lat' dir='ltr'>abstersit</span> <span class='ocrx_word' id='word_1_383' title='bbox 1704 3428 1738 3499; x_wconf 79' lang='lat' dir='ltr'>ab</span> <span class='ocrx_word' id='word_1_384' title='bbox 1753 3424 1890 3483; x_wconf 88' lang='lat' dir='ltr'>omnibus</span> <span class='ocrx_word' id='word_1_385' title='bbox 1901 3425 1938 3483; x_wconf 81' lang='lat' dir='ltr'>la·</span> 
     </span>
     <span class='ocr_line' id='line_1_33' title="bbox 135 3496 1940 3575; baseline -0.001 -22"><span class='ocrx_word' id='word_1_386' title='bbox 135 3536 137 3543; x_wconf 48' lang='lat'>1</span> <span class='ocrx_word' id='word_1_387' title='bbox 233 3496 307 3564; x_wconf 87' lang='lat' dir='ltr'>coni,</span> <span class='ocrx_word' id='word_1_388' title='bbox 323 3501 443 3556; x_wconf 88' lang='lat' dir='ltr'>totidem</span> <span class='ocrx_word' id='word_1_389' title='bbox 459 3501 765 3571; x_wconf 85' lang='lat' dir='ltr'>subdiaconi,totidem</span> <span class='ocrx_word' id='word_1_390' title='bbox 775 3502 897 3574; x_wconf 81' lang='lat' dir='ltr'>acolythi</span> <span class='ocrx_word' id='word_1_391' title='bbox 912 3520 977 3558; x_wconf 91' lang='lat' dir='ltr'>cum</span> <span class='ocrx_word' id='word_1_392' title='bbox 993 3502 1062 3558; x_wconf 90' lang='lat' dir='ltr'>thu·</span> <span class='ocrx_word' id='word_1_393' title='bbox 1113 3501 1229 3575; x_wconf 86' lang='lat' dir='ltr'>crymis,</span> <span class='ocrx_word' id='word_1_394' title='bbox 1243 3507 1271 3557; x_wconf 87' lang='lat' dir='ltr'>ct</span> <span class='ocrx_word' id='word_1_395' title='bbox 1285 3503 1320 3558; x_wconf 90' lang='lat' dir='ltr'>ab</span> <span class='ocrx_word' id='word_1_396' title='bbox 1336 3500 1415 3557; x_wconf 92' lang='lat' dir='ltr'>omni</span> <span class='ocrx_word' id='word_1_397' title='bbox 1430 3502 1537 3568; x_wconf 86' lang='lat' dir='ltr'>dolore,</span> <span class='ocrx_word' id='word_1_398' title='bbox 1555 3502 1623 3557; x_wconf 87' lang='lat' dir='ltr'>etab</span> <span class='ocrx_word' id='word_1_399' title='bbox 1635 3499 1714 3556; x_wconf 89' lang='lat' dir='ltr'>omni</span> <span class='ocrx_word' id='word_1_400' title='bbox 1725 3498 1818 3555; x_wconf 86' lang='lat' dir='ltr'>esurie</span> <span class='ocrx_word' id='word_1_401' title='bbox 1837 3514 1845 3571; x_wconf 67' lang='grc' dir='ltr'><strong>ς</strong></span> <span class='ocrx_word' id='word_1_402' title='bbox 1863 3497 1940 3553; x_wconf 89' lang='lat' dir='ltr'>ideo·</span> 
     </span>
    </p>

    <p class='ocr_par' dir='ltr' id='par_1_11' title="bbox 230 3569 1939 4354">
     <span class='ocr_line' id='line_1_34' title="bbox 232 3569 1648 3644; baseline 0.001 -20"><span class='ocrx_word' id='word_1_403' title='bbox 232 3569 333 3625; x_wconf 89' lang='lat' dir='ltr'>ribalis</span> <span class='ocrx_word' id='word_1_404' title='bbox 357 3588 413 3627; x_wconf 90' lang='lat' dir='ltr'>noa</span> <span class='ocrx_word' id='word_1_405' title='bbox 441 3572 575 3644; x_wconf 89' lang='lat' dir='ltr'>amplius,</span> <span class='ocrx_word' id='word_1_406' title='bbox 592 3591 680 3644; x_wconf 86' lang='lat' dir='ltr'>quarn</span> <span class='ocrx_word' id='word_1_407' title='bbox 700 3573 797 3630; x_wconf 85' lang='lat' dir='ltr'>ternis.</span> <span class='ocrx_word' id='word_1_408' title='bbox 815 3575 897 3644; x_wconf 81' lang='lat' dir='ltr'>Saepe</span> <span class='ocrx_word' id='word_1_409' title='bbox 922 3573 1060 3644; x_wconf 88' lang='lat' dir='ltr'>scriptam</span> <span class='ocrx_word' id='word_1_410' title='bbox 1113 3590 1167 3644; x_wconf 88' lang='lat' dir='ltr'>que</span> <span class='ocrx_word' id='word_1_411' title='bbox 1180 3578 1259 3628; x_wconf 87' lang='lat' dir='ltr'>stent</span> <span class='ocrx_word' id='word_1_412' title='bbox 1273 3577 1340 3629; x_wconf 89' lang='lat' dir='ltr'>ante</span> <span class='ocrx_word' id='word_1_413' title='bbox 1355 3573 1511 3628; x_wconf 87' lang='lat' dir='ltr'>Dominam</span> <span class='ocrx_word' id='word_1_414' title='bbox 1526 3588 1648 3643; x_wconf 87' lang='lat' dir='ltr'>semper.</span> 
     </span>
     <span class='ocr_line' id='line_1_35' title="bbox 232 3640 1939 3719; baseline -0.001 -23"><span class='ocrx_word' id='word_1_415' title='bbox 232 3644 285 3704; x_wconf 85' lang='lat' dir='ltr'>est,</span> <span class='ocrx_word' id='word_1_416' title='bbox 302 3646 330 3698; x_wconf 89' lang='lat' dir='ltr'>et</span> <span class='ocrx_word' id='word_1_417' title='bbox 344 3642 373 3698; x_wconf 91' lang='lat' dir='ltr'>ia</span> <span class='ocrx_word' id='word_1_418' title='bbox 389 3643 486 3703; x_wconf 87' lang='lat' dir='ltr'>multis</span> <span class='ocrx_word' id='word_1_419' title='bbox 502 3644 569 3701; x_wconf 87' lang='lat' dir='ltr'>locis</span> <span class='ocrx_word' id='word_1_420' title='bbox 588 3651 729 3717; x_wconf 83' lang='lat' dir='ltr'>apertum,</span> <span class='ocrx_word' id='word_1_421' title='bbox 745 3645 821 3715; x_wconf 88' lang='lat' dir='ltr'>quod</span> <span class='ocrx_word' id='word_1_422' title='bbox 834 3645 995 3715; x_wconf 86' lang='lat' dir='ltr'>septenario</span> <span class='ocrx_word' id='word_1_423' title='bbox 1009 3660 1058 3703; x_wconf 90' lang='lat' dir='ltr'>nu·</span> <span class='ocrx_word' id='word_1_424' title='bbox 1151 3645 1273 3717; x_wconf 82' lang='lat'><strong>5519.</strong></span> <span class='ocrx_word' id='word_1_425' title='bbox 1289 3644 1442 3715; x_wconf 80' lang='lat' dir='ltr'>Episcopus</span> <span class='ocrx_word' id='word_1_426' title='bbox 1456 3660 1521 3699; x_wconf 84' lang='lat' dir='ltr'>vero</span> <span class='ocrx_word' id='word_1_427' title='bbox 1532 3659 1645 3713; x_wconf 88' lang='lat' dir='ltr'>semper</span> <span class='ocrx_word' id='word_1_428' title='bbox 1657 3640 1880 3701; x_wconf 83' lang='lat' dir='ltr'>statiucliaatus</span> <span class='ocrx_word' id='word_1_429' title='bbox 1896 3655 1939 3719; x_wconf 64' lang='lat' dir='ltr'>ur</span> 
     </span>
     <span class='ocr_line' id='line_1_36' title="bbox 232 3713 1938 3839; baseline -0.001 -73"><span class='ocrx_word' id='word_1_430' title='bbox 232 3728 312 3794; x_wconf 83' lang='lat' dir='ltr'>mero</span> <span class='ocrx_word' id='word_1_431' title='bbox 330 3714 498 3795; x_wconf 70' lang='lat' dir='ltr'>uniuersitas</span> <span class='ocrx_word' id='word_1_432' title='bbox 509 3716 636 3771; x_wconf 78' lang='lat' dir='ltr'>ecclesiae</span> <span class='ocrx_word' id='word_1_433' title='bbox 651 3716 826 3788; x_wconf 82' lang='lat' dir='ltr'>designatur,</span> <span class='ocrx_word' id='word_1_434' title='bbox 853 3720 904 3771; x_wconf 88' lang='lat' dir='ltr'>cto.</span> <span class='ocrx_word' id='word_1_435' title='bbox 923 3715 1059 3785; x_wconf 78' lang='lat' dir='ltr'>Quamvis</span> <span class='ocrx_word' id='word_1_436' title='bbox 1112 3732 1166 3787; x_wconf 87' lang='lat' dir='ltr'>qua</span> <span class='ocrx_word' id='word_1_437' title='bbox 1181 3717 1217 3773; x_wconf 86' lang='lat' dir='ltr'>ad</span> <span class='ocrx_word' id='word_1_438' title='bbox 1233 3715 1423 3791; x_wconf 84' lang='lat' dir='ltr'>prophetalem</span> <span class='ocrx_word' id='word_1_439' title='bbox 1440 3732 1565 3782; x_wconf 85' lang='lat' dir='ltr'>versum,</span> <span class='ocrx_word' id='word_1_440' title='bbox 1578 3713 1646 3839; x_wconf 79' lang='lat' dir='ltr'>poia</span> <span class='ocrx_word' id='word_1_441' title='bbox 1657 3713 1785 3769; x_wconf 85' lang='lat' dir='ltr'>Christus</span> <span class='ocrx_word' id='word_1_442' title='bbox 1800 3714 1938 3767; x_wconf 82' lang='lat' dir='ltr'>nouanti·</span> 
     </span>
     <span class='ocr_line' id='line_1_37' title="bbox 232 3785 1939 3864; baseline -0.002 -26"><span class='ocrx_word' id='word_1_443' title='bbox 232 3787 383 3839; x_wconf 83' lang='lat' dir='ltr'>tacuissem</span> <span class='ocrx_word' id='word_1_444' title='bbox 399 3787 434 3841; x_wconf 90' lang='lat' dir='ltr'>de</span> <span class='ocrx_word' id='word_1_445' title='bbox 449 3790 559 3855; x_wconf 84' lang='lat' dir='ltr'>septem</span> <span class='ocrx_word' id='word_1_446' title='bbox 570 3787 735 3842; x_wconf 88' lang='lat' dir='ltr'>diaconibus</span> <span class='ocrx_word' id='word_1_447' title='bbox 750 3786 927 3857; x_wconf 85' lang='lat' dir='ltr'>abspostolis</span> <span class='ocrx_word' id='word_1_448' title='bbox 942 3786 1060 3845; x_wconf 87' lang='lat' dir='ltr'>ordina·</span> <span class='ocrx_word' id='word_1_449' title='bbox 1112 3785 1217 3856; x_wconf 87' lang='lat' dir='ltr'>ciparit</span> <span class='ocrx_word' id='word_1_450' title='bbox 1230 3791 1344 3857; x_wconf 86' lang='lat' dir='ltr'>ternpus</span> <span class='ocrx_word' id='word_1_451' title='bbox 1372 3801 1428 3856; x_wconf 84' lang='lat' dir='ltr'>quo</span> <span class='ocrx_word' id='word_1_452' title='bbox 1454 3789 1660 3857; x_wconf 78' lang='lat' dir='ltr'>prenautatus</span> <span class='ocrx_word' id='word_1_453' title='bbox 1688 3789 1794 3855; x_wconf 88' lang='lat' dir='ltr'>estper</span> <span class='ocrx_word' id='word_1_454' title='bbox 1812 3798 1939 3864; x_wconf 85' lang='lat' dir='ltr'>arapro·</span> 
     </span>
     <span class='ocr_line' id='line_1_38' title="bbox 232 3852 1937 3935; baseline 0 -28"><span class='ocrx_word' id='word_1_455' title='bbox 232 3852 268 3908; x_wconf 87' lang='lat' dir='ltr'>tis</span> <span class='ocrx_word' id='word_1_456' title='bbox 294 3872 301 3919; x_wconf 83' lang='lat'>3</span> <span class='ocrx_word' id='word_1_457' title='bbox 330 3854 446 3911; x_wconf 81' lang='lat' dir='ltr'>exhinc</span> <span class='ocrx_word' id='word_1_458' title='bbox 460 3857 646 3912; x_wconf 81' lang='lat' dir='ltr'>decreverunt</span> <span class='ocrx_word' id='word_1_459' title='bbox 676 3857 797 3928; x_wconf 88' lang='lat' dir='ltr'>apostoli</span> <span class='ocrx_word' id='word_1_460' title='bbox 822 3856 864 3913; x_wconf 89' lang='lat' dir='ltr'>rel</span> <span class='ocrx_word' id='word_1_461' title='bbox 882 3872 1059 3912; x_wconf 75' lang='lat' dir='ltr'>serocessores</span> <span class='ocrx_word' id='word_1_462' title='bbox 1111 3856 1273 3935; x_wconf 87' lang='lat' dir='ltr'>pheturum.</span> <span class='ocrx_word' id='word_1_463' title='bbox 1303 3856 1444 3926; x_wconf 82' lang='lat' dir='ltr'>Tempore</span> <span class='ocrx_word' id='word_1_464' title='bbox 1459 3857 1536 3913; x_wconf 89' lang='lat' dir='ltr'>enim</span> <span class='ocrx_word' id='word_1_465' title='bbox 1551 3873 1608 3927; x_wconf 87' lang='lat' dir='ltr'>quo</span> <span class='ocrx_word' id='word_1_466' title='bbox 1633 3854 1937 3927; x_wconf 72' lang='lat' dir='ltr'>prophetueprerdrxe·</span> 
     </span>
     <span class='ocr_line' id='line_1_39' title="bbox 231 3924 1936 3999; baseline 0.005 -20"><span class='ocrx_word' id='word_1_467' title='bbox 231 3926 436 3995; x_wconf 83' lang='lat' dir='ltr'>apostolarum,</span> <span class='ocrx_word' id='word_1_468' title='bbox 453 3944 502 3999; x_wconf 89' lang='lat' dir='ltr'>per</span> <span class='ocrx_word' id='word_1_469' title='bbox 516 3944 617 3985; x_wconf 83' lang='lat' dir='ltr'>ornnes</span> <span class='ocrx_word' id='word_1_470' title='bbox 629 3927 763 3985; x_wconf 87' lang='lat' dir='ltr'>ecclesias</span> <span class='ocrx_word' id='word_1_471' title='bbox 782 3933 891 3999; x_wconf 87' lang='lat' dir='ltr'>septem</span> <span class='ocrx_word' id='word_1_472' title='bbox 911 3928 1057 3993; x_wconf 83' lang='lat' dir='ltr'>diaconos,</span> <span class='ocrx_word' id='word_1_473' title='bbox 1111 3932 1187 3994; x_wconf 89' lang='lat' dir='ltr'>ruat,</span> <span class='ocrx_word' id='word_1_474' title='bbox 1203 3927 1282 3984; x_wconf 83' lang='lat' dir='ltr'>ranit</span> <span class='ocrx_word' id='word_1_475' title='bbox 1296 3927 1325 3983; x_wconf 90' lang='lat' dir='ltr'>ia</span> <span class='ocrx_word' id='word_1_476' title='bbox 1338 3929 1480 3987; x_wconf 84' lang='lat' dir='ltr'>mundum</span> <span class='ocrx_word' id='word_1_477' title='bbox 1495 3928 1532 3983; x_wconf 93' lang='lat' dir='ltr'>ad</span> <span class='ocrx_word' id='word_1_478' title='bbox 1555 3927 1729 3998; x_wconf 83' lang='lat' dir='ltr'>passionom.</span> <span class='ocrx_word' id='word_1_479' title='bbox 1744 3927 1780 3982; x_wconf 88' lang='lat' dir='ltr'>Et</span> <span class='ocrx_word' id='word_1_480' title='bbox 1793 3924 1861 3985; x_wconf 80' lang='lat' dir='ltr'>ideo</span> <span class='ocrx_word' id='word_1_481' title='bbox 1875 3940 1936 3987; x_wconf 73' lang='lat' dir='ltr'>tw</span> 
     </span>
     <span class='ocr_line' id='line_1_40' title="bbox 230 3994 1936 4073; baseline 0.001 -22"><span class='ocrx_word' id='word_1_482' title='bbox 230 3996 279 4066; x_wconf 81' lang='lat' dir='ltr'>pai</span> <span class='ocrx_word' id='word_1_483' title='bbox 294 3997 453 4055; x_wconf 88' lang='lat' dir='ltr'>sublimiori</span> <span class='ocrx_word' id='word_1_484' title='bbox 463 4001 555 4071; x_wconf 78' lang='lat' dir='ltr'>gradu</span> <span class='ocrx_word' id='word_1_485' title='bbox 571 4003 666 4061; x_wconf 89' lang='lat' dir='ltr'>essent</span> <span class='ocrx_word' id='word_1_486' title='bbox 679 3999 835 4069; x_wconf 56' lang='lat' dir='ltr'>celeriori</span> <span class='ocrx_word' id='word_1_487' title='bbox 851 3998 971 4072; x_wconf 82' lang='lat' dir='ltr'>proximi</span> <span class='ocrx_word' id='word_1_488' title='bbox 984 3999 1058 4057; x_wconf 89' lang='lat' dir='ltr'>circa</span> <span class='ocrx_word' id='word_1_489' title='bbox 1111 4015 1193 4069; x_wconf 81' lang='lat' dir='ltr'>serso</span> <span class='ocrx_word' id='word_1_490' title='bbox 1207 3998 1368 4073; x_wconf 88' lang='lat' dir='ltr'>prophetali</span> <span class='ocrx_word' id='word_1_491' title='bbox 1383 3998 1463 4055; x_wconf 83' lang='lat' dir='ltr'>radit</span> <span class='ocrx_word' id='word_1_492' title='bbox 1477 3997 1620 4064; x_wconf 75' lang='lat' dir='ltr'>adeliaco,</span> <span class='ocrx_word' id='word_1_493' title='bbox 1635 3997 1703 4068; x_wconf 90' lang='lat' dir='ltr'>quia</span> <span class='ocrx_word' id='word_1_494' title='bbox 1715 3996 1864 4063; x_wconf 84' lang='lat' dir='ltr'>Christum</span> <span class='ocrx_word' id='word_1_495' title='bbox 1878 3994 1936 4071; x_wconf 78' lang='lat' dir='ltr'>iapi-</span> 
     </span>
     <span class='ocr_line' id='line_1_41' title="bbox 232 4066 1936 4145; baseline -0.002 -20"><span class='ocrx_word' id='word_1_496' title='bbox 232 4070 402 4142; x_wconf 81' lang='lat' dir='ltr'>oramqaasi</span> <span class='ocrx_word' id='word_1_497' title='bbox 412 4070 554 4127; x_wconf 82' lang='lat' dir='ltr'>columnae</span> <span class='ocrx_word' id='word_1_498' title='bbox 567 4070 667 4129; x_wconf 84' lang='lat' dir='ltr'>altaris</span> <span class='ocrx_word' id='word_1_499' title='bbox 680 4071 846 4127; x_wconf 86' lang='lat' dir='ltr'>assisterent</span> <span class='ocrx_word' id='word_1_500' title='bbox 860 4075 984 4145; x_wconf 87' lang='lat' dir='ltr'>;scptem</span> <span class='ocrx_word' id='word_1_501' title='bbox 995 4088 1057 4144; x_wconf 88' lang='lat' dir='ltr'>pro·</span> <span class='ocrx_word' id='word_1_502' title='bbox 1111 4072 1198 4141; x_wconf 90' lang='lat' dir='ltr'>tatur,</span> <span class='ocrx_word' id='word_1_503' title='bbox 1216 4075 1247 4135; x_wconf 88' lang='lat' dir='ltr'>pt</span> <span class='ocrx_word' id='word_1_504' title='bbox 1261 4070 1394 4127; x_wconf 87' lang='lat' dir='ltr'>ostendat</span> <span class='ocrx_word' id='word_1_505' title='bbox 1408 4069 1512 4145; x_wconf 91' lang='lat' dir='ltr'>populo</span> <span class='ocrx_word' id='word_1_506' title='bbox 1523 4066 1850 4141; x_wconf 80' lang='lat' dir='ltr'>ornainqureprophetoe</span> <span class='ocrx_word' id='word_1_507' title='bbox 1864 4083 1936 4139; x_wconf 75' lang='lat' dir='ltr'>pre·</span> 
     </span>
     <span class='ocr_line' id='line_1_42' title="bbox 232 4139 1936 4215; baseline -0.001 -22"><span class='ocrx_word' id='word_1_508' title='bbox 232 4142 295 4209; x_wconf 91' lang='lat' dir='ltr'>pter</span> <span class='ocrx_word' id='word_1_509' title='bbox 310 4144 419 4211; x_wconf 87' lang='lat' dir='ltr'>septem</span> <span class='ocrx_word' id='word_1_510' title='bbox 431 4140 506 4196; x_wconf 79' lang='lat' dir='ltr'>siros</span> <span class='ocrx_word' id='word_1_511' title='bbox 528 4142 679 4213; x_wconf 87' lang='lat' dir='ltr'>perlectos,</span> <span class='ocrx_word' id='word_1_512' title='bbox 696 4142 820 4213; x_wconf 89' lang='lat' dir='ltr'>quiaque</span> <span class='ocrx_word' id='word_1_513' title='bbox 845 4148 960 4215; x_wconf 89' lang='lat' dir='ltr'>propter</span> <span class='ocrx_word' id='word_1_514' title='bbox 998 4141 1058 4196; x_wconf 89' lang='lat' dir='ltr'>uiu-</span> <span class='ocrx_word' id='word_1_515' title='bbox 1111 4140 1241 4197; x_wconf 80' lang='lat' dir='ltr'>dixerant</span> <span class='ocrx_word' id='word_1_516' title='bbox 1252 4140 1287 4196; x_wconf 90' lang='lat' dir='ltr'>dc</span> <span class='ocrx_word' id='word_1_517' title='bbox 1301 4140 1403 4196; x_wconf 85' lang='lat' dir='ltr'>Christi</span> <span class='ocrx_word' id='word_1_518' title='bbox 1433 4139 1936 4209; x_wconf 86' lang='lat' dir='ltr'>assionereraesse‚etinternpore</span> 
     </span>
     <span class='ocr_line' id='line_1_43' title="bbox 231 4159 1936 4290; baseline 0 -27"><span class='ocrx_word' id='word_1_519' title='bbox 231 4224 287 4279; x_wconf 83' lang='lat' dir='ltr'>quc</span> <span class='ocrx_word' id='word_1_520' title='bbox 301 4210 498 4282; x_wconf 86' lang='lat' dir='ltr'>librosltloysi‚</span> <span class='ocrx_word' id='word_1_521' title='bbox 515 4217 573 4267; x_wconf 88' lang='lat' dir='ltr'>tres</span> <span class='ocrx_word' id='word_1_522' title='bbox 586 4215 702 4286; x_wconf 85' lang='lat' dir='ltr'>propter</span> <span class='ocrx_word' id='word_1_523' title='bbox 716 4228 806 4284; x_wconf 87' lang='lat' dir='ltr'>spem,</span> <span class='ocrx_word' id='word_1_524' title='bbox 823 4212 909 4268; x_wconf 83' lang='lat' dir='ltr'>iidem</span> <span class='ocrx_word' id='word_1_525' title='bbox 925 4216 953 4268; x_wconf 90' lang='lat' dir='ltr'>et</span> <span class='ocrx_word' id='word_1_526' title='bbox 967 4159 1059 4268; x_wconf 46' lang='lat' dir='ltr'>cinari·</span> <span class='ocrx_word' id='word_1_527' title='bbox 1111 4229 1162 4267; x_wconf 89' lang='lat' dir='ltr'>suo</span> <span class='ocrx_word' id='word_1_528' title='bbox 1177 4217 1387 4268; x_wconf 87' lang='lat' dir='ltr'>consummata.</span> <span class='ocrx_word' id='word_1_529' title='bbox 1403 4159 1483 4268; x_wconf 51' lang='lat' dir='ltr'>dicut</span> <span class='ocrx_word' id='word_1_530' title='bbox 1497 4216 1594 4283; x_wconf 89' lang='lat' dir='ltr'>aparte</span> <span class='ocrx_word' id='word_1_531' title='bbox 1613 4210 1717 4282; x_wconf 78' lang='lat' dir='ltr'>legitur</span> <span class='ocrx_word' id='word_1_532' title='bbox 1743 4210 1772 4265; x_wconf 89' lang='lat' dir='ltr'>in</span> <span class='ocrx_word' id='word_1_533' title='bbox 1788 4209 1936 4290; x_wconf 79' lang='lat' dir='ltr'>prophetia</span> 
     </span>
     <span class='ocr_line' id='line_1_44' title="bbox 232 4281 1937 4354; baseline 0.004 -19"><span class='ocrx_word' id='word_1_534' title='bbox 232 4283 332 4335; x_wconf 86' lang='lat' dir='ltr'>tatem.</span> <span class='ocrx_word' id='word_1_535' title='bbox 1112 4283 1247 4349; x_wconf 79' lang='lat' dir='ltr'>Danielis,</span> <span class='ocrx_word' id='word_1_536' title='bbox 1263 4282 1459 4354; x_wconf 76' lang='lat' dir='ltr'>Septuaginta,</span> <span class='ocrx_word' id='word_1_537' title='bbox 1476 4283 1578 4354; x_wconf 81' lang='lat' dir='ltr'>inquit.</span> <span class='ocrx_word' id='word_1_538' title='bbox 1595 4281 1937 4345; x_wconf 75' lang='lat' dir='ltr'>bebdomadaeabbrertt·</span> 
     </span>
    </p>

    <p class='ocr_par' dir='ltr' id='par_1_12' title="bbox 195 4351 1936 5706">
     <span class='ocr_line' id='line_1_45' title="bbox 265 4351 1657 4432; baseline -0.002 -21"><span class='ocrx_word' id='word_1_539' title='bbox 265 4351 291 4432; x_wconf 58' lang='lat' dir='ltr'>i.</span> <span class='ocrx_word' id='word_1_540' title='bbox 309 4352 391 4419; x_wconf 82' lang='lat' dir='ltr'>Quod</span> <span class='ocrx_word' id='word_1_541' title='bbox 405 4351 518 4419; x_wconf 85' lang='lat' dir='ltr'>diaconi</span> <span class='ocrx_word' id='word_1_542' title='bbox 533 4369 564 4417; x_wconf 84' lang='lat' dir='ltr'>sa</span> <span class='ocrx_word' id='word_1_543' title='bbox 588 4357 609 4423; x_wconf 70' lang='lat' dir='ltr'>t,</span> <span class='ocrx_word' id='word_1_544' title='bbox 637 4356 680 4409; x_wconf 91' lang='lat' dir='ltr'>tat</span> <span class='ocrx_word' id='word_1_545' title='bbox 702 4354 876 4421; x_wconf 79' lang='lat' dir='ltr'>caudelabra</span> <span class='ocrx_word' id='word_1_546' title='bbox 895 4357 1056 4427; x_wconf 80' lang='lat' dir='ltr'>portantur,</span> <span class='ocrx_word' id='word_1_547' title='bbox 1111 4360 1148 4415; x_wconf 86' lang='lat' dir='ltr'>tre</span> <span class='ocrx_word' id='word_1_548' title='bbox 1161 4360 1228 4423; x_wconf 83' lang='lat' dir='ltr'>sunt</span> <span class='ocrx_word' id='word_1_549' title='bbox 1242 4371 1327 4431; x_wconf 83' lang='lat' dir='ltr'>super</span> <span class='ocrx_word' id='word_1_550' title='bbox 1342 4353 1478 4431; x_wconf 85' lang='lat' dir='ltr'>papulam</span> <span class='ocrx_word' id='word_1_551' title='bbox 1495 4359 1588 4413; x_wconf 85' lang='lat' dir='ltr'>tuam.</span> <span class='ocrx_word' id='word_1_552' title='bbox 1604 4357 1657 4408; x_wconf 89' lang='lat' dir='ltr'>cto.</span> 
     </span>
     <span class='ocr_line' id='line_1_46' title="bbox 230 4368 1936 4508; baseline -0.001 -31"><span class='ocrx_word' id='word_1_553' title='bbox 230 4368 734 4506; x_wconf 50' lang='lat' dir='ltr'>qaiaomnierzcleslcple&#39;ioraatiet</span> <span class='ocrx_word' id='word_1_554' title='bbox 761 4423 887 4485; x_wconf 82' lang='lat' dir='ltr'>imitanti</span> <span class='ocrx_word' id='word_1_555' title='bbox 912 4422 1097 4508; x_wconf 69' lang='lat' dir='ltr'>Christump</span> <span class='ocrx_word' id='word_1_556' title='bbox 1148 4424 1191 4501; x_wconf 45' lang='lat'>10³</span> <span class='ocrx_word' id='word_1_557' title='bbox 1220 4425 1373 4498; x_wconf 89' lang='lat' dir='ltr'>Episcopus</span> <span class='ocrx_word' id='word_1_558' title='bbox 1387 4431 1539 4497; x_wconf 86' lang='lat' dir='ltr'>postquam</span> <span class='ocrx_word' id='word_1_559' title='bbox 1562 4421 1725 4481; x_wconf 78' lang='lat' dir='ltr'>adoraverit</span> <span class='ocrx_word' id='word_1_560' title='bbox 1744 4423 1863 4489; x_wconf 81' lang='lat' dir='ltr'>Sancta,</span> <span class='ocrx_word' id='word_1_561' title='bbox 1880 4438 1936 4494; x_wconf 88' lang='lat' dir='ltr'>per-</span> 
     </span>
     <span class='ocr_line' id='line_1_47' title="bbox 230 4494 1935 4567; baseline 0.001 -22"><span class='ocrx_word' id='word_1_562' title='bbox 230 4497 407 4562; x_wconf 87' lang='lat' dir='ltr'>promrttrtur</span> <span class='ocrx_word' id='word_1_563' title='bbox 434 4495 574 4565; x_wconf 79' lang='lat' dir='ltr'>gaudiam</span> <span class='ocrx_word' id='word_1_564' title='bbox 591 4499 704 4551; x_wconf 72' lang='lat' dir='ltr'>aterna</span> <span class='ocrx_word' id='word_1_565' title='bbox 732 4494 808 4560; x_wconf 78' lang='lat' dir='ltr'>vitre,</span> <span class='ocrx_word' id='word_1_566' title='bbox 838 4501 867 4551; x_wconf 89' lang='lat' dir='ltr'>et</span> <span class='ocrx_word' id='word_1_567' title='bbox 884 4495 932 4550; x_wconf 81' lang='lat' dir='ltr'>lux</span> <span class='ocrx_word' id='word_1_568' title='bbox 958 4511 1056 4567; x_wconf 89' lang='lat' dir='ltr'>perpe·</span> <span class='ocrx_word' id='word_1_569' title='bbox 1130 4495 1204 4551; x_wconf 86' lang='lat' dir='ltr'>&#39;tad</span> <span class='ocrx_word' id='word_1_570' title='bbox 1227 4498 1373 4552; x_wconf 85' lang='lat' dir='ltr'>dexteram</span> <span class='ocrx_word' id='word_1_571' title='bbox 1406 4494 1515 4561; x_wconf 87' lang='lat' dir='ltr'>attaris,</span> <span class='ocrx_word' id='word_1_572' title='bbox 1541 4498 1878 4551; x_wconf 81' lang='lat' dir='ltr'>etstatarcctusrersus</span> <span class='ocrx_word' id='word_1_573' title='bbox 1902 4494 1935 4548; x_wconf 87' lang='lat' dir='ltr'>ed</span> 
     </span>
     <span class='ocr_line' id='line_1_48' title="bbox 230 4514 1934 4636; baseline -0.006 -6"><span class='ocrx_word' id='word_1_574' title='bbox 230 4568 289 4629; x_wconf 66' lang='lat'>2¹1³,</span> <span class='ocrx_word' id='word_1_575' title='bbox 306 4567 359 4619; x_wconf 87' lang='lat' dir='ltr'>etc.</span> <span class='ocrx_word' id='word_1_576' title='bbox 1111 4514 1259 4624; x_wconf 56' lang='lat' dir='ltr'>gerentem</span> <span class='ocrx_word' id='word_1_577' title='bbox 1276 4590 1283 4624; x_wconf 79' lang='lat' dir='ltr'>z</span> <span class='ocrx_word' id='word_1_578' title='bbox 1299 4572 1328 4624; x_wconf 85' lang='lat' dir='ltr'>et</span> <span class='ocrx_word' id='word_1_579' title='bbox 1341 4568 1453 4624; x_wconf 83' lang='lat' dir='ltr'>diaconi</span> <span class='ocrx_word' id='word_1_580' title='bbox 1469 4572 1546 4624; x_wconf 86' lang='lat' dir='ltr'>retro</span> <span class='ocrx_word' id='word_1_581' title='bbox 1558 4566 1651 4629; x_wconf 88' lang='lat' dir='ltr'>illum,</span> <span class='ocrx_word' id='word_1_582' title='bbox 1671 4581 1745 4620; x_wconf 86' lang='lat' dir='ltr'>auus</span> <span class='ocrx_word' id='word_1_583' title='bbox 1759 4570 1825 4636; x_wconf 86' lang='lat' dir='ltr'>post</span> <span class='ocrx_word' id='word_1_584' title='bbox 1837 4581 1934 4625; x_wconf 84' lang='lat' dir='ltr'>uuum,</span> 
     </span>
     <span class='ocr_line' id='line_1_49' title="bbox 246 4634 1935 4720; baseline 0.001 -31"><span class='ocrx_word' id='word_1_585' title='bbox 246 4634 442 4717; x_wconf 32' lang='lat' dir='ltr'>&#39;ti3Portatpr</span> <span class='ocrx_word' id='word_1_586' title='bbox 469 4640 497 4699; x_wconf 83' lang='lat' dir='ltr'>ot</span> <span class='ocrx_word' id='word_1_587' title='bbox 514 4636 702 4718; x_wconf 80' lang='lat' dir='ltr'>thuribulam,</span> <span class='ocrx_word' id='word_1_588' title='bbox 726 4639 802 4709; x_wconf 77' lang='lat' dir='ltr'>quoii</span> <span class='ocrx_word' id='word_1_589' title='bbox 827 4636 931 4695; x_wconf 82' lang='lat' dir='ltr'>Christi</span> <span class='ocrx_word' id='word_1_590' title='bbox 957 4653 1056 4720; x_wconf 83' lang='lat' dir='ltr'>corpus</span> <span class='ocrx_word' id='word_1_591' title='bbox 1112 4639 1206 4709; x_wconf 88' lang='lat' dir='ltr'>plures</span> <span class='ocrx_word' id='word_1_592' title='bbox 1232 4640 1269 4694; x_wconf 91' lang='lat' dir='ltr'>ad</span> <span class='ocrx_word' id='word_1_593' title='bbox 1296 4640 1448 4706; x_wconf 80' lang='lat' dir='ltr'>dexteram,</span> <span class='ocrx_word' id='word_1_594' title='bbox 1473 4638 1620 4719; x_wconf 84' lang='lat' dir='ltr'>pauciores</span> <span class='ocrx_word' id='word_1_595' title='bbox 1643 4636 1856 4719; x_wconf 65' lang='lat' dir='ltr'>adsiuishape,</span> <span class='ocrx_word' id='word_1_596' title='bbox 1879 4636 1935 4708; x_wconf 58' lang='lat' dir='ltr'>Epir</span> 
     </span>
     <span class='ocr_line' id='line_1_50' title="bbox 230 4705 1933 4858; baseline 0.001 -29"><span class='ocrx_word' id='word_1_597' title='bbox 230 4705 1056 4858; x_wconf 65' lang='lat' dir='ltr'>tortitudinittlhlh&#39;hhltt,ttttlitl:</span> <span class='ocrx_word' id='word_1_598' title='bbox 1112 4707 1933 4853; x_wconf 59' lang='lat' dir='ltr'>{illitteratiqtttltthlttmllitim</span> 
     </span>
     <span class='ocr_line' id='line_1_51' title="bbox 231 4848 1933 4922; baseline 0.002 -21"><span class='ocrx_word' id='word_1_599' title='bbox 231 4848 357 4903; x_wconf 85' lang='lat' dir='ltr'>rabulam</span> <span class='ocrx_word' id='word_1_600' title='bbox 373 4865 501 4920; x_wconf 85' lang='lat' dir='ltr'>aureum,</span> <span class='ocrx_word' id='word_1_601' title='bbox 514 4854 567 4906; x_wconf 88' lang='lat' dir='ltr'>etc.</span> <span class='ocrx_word' id='word_1_602' title='bbox 1112 4853 1260 4909; x_wconf 80' lang='lat' dir='ltr'>sinistrum</span> <span class='ocrx_word' id='word_1_603' title='bbox 1276 4851 1364 4908; x_wconf 81' lang='lat' dir='ltr'>habet</span> <span class='ocrx_word' id='word_1_604' title='bbox 1379 4868 1385 4916; x_wconf 77' lang='lat'>3</span> <span class='ocrx_word' id='word_1_605' title='bbox 1398 4857 1457 4909; x_wconf 86' lang='lat' dir='ltr'>stat</span> <span class='ocrx_word' id='word_1_606' title='bbox 1471 4856 1499 4907; x_wconf 88' lang='lat' dir='ltr'>et</span> <span class='ocrx_word' id='word_1_607' title='bbox 1513 4856 1634 4917; x_wconf 86' lang='lat' dir='ltr'>erectus,</span> <span class='ocrx_word' id='word_1_608' title='bbox 1654 4850 1721 4922; x_wconf 84' lang='lat' dir='ltr'>quia</span> <span class='ocrx_word' id='word_1_609' title='bbox 1734 4850 1815 4906; x_wconf 77' lang='lat' dir='ltr'>seuit</span> <span class='ocrx_word' id='word_1_610' title='bbox 1839 4865 1933 4920; x_wconf 76' lang='lat' dir='ltr'>regere</span> 
     </span>
     <span class='ocr_line' id='line_1_52' title="bbox 264 4919 1932 4999; baseline 0.002 -27"><span class='ocrx_word' id='word_1_611' title='bbox 264 4919 293 4973; x_wconf 77' lang='lat' dir='ltr'>t.</span> <span class='ocrx_word' id='word_1_612' title='bbox 316 4919 469 4990; x_wconf 76' lang='lat' dir='ltr'>Episcopus</span> <span class='ocrx_word' id='word_1_613' title='bbox 494 4921 610 4978; x_wconf 88' lang='lat' dir='ltr'>rcniens</span> <span class='ocrx_word' id='word_1_614' title='bbox 625 4927 692 4979; x_wconf 90' lang='lat' dir='ltr'>ante</span> <span class='ocrx_word' id='word_1_615' title='bbox 720 4922 822 4990; x_wconf 85' lang='lat' dir='ltr'>altare,</span> <span class='ocrx_word' id='word_1_616' title='bbox 846 4923 949 4979; x_wconf 87' lang='lat' dir='ltr'>adorat</span> <span class='ocrx_word' id='word_1_617' title='bbox 963 4921 1057 4994; x_wconf 89' lang='lat' dir='ltr'>primo</span> <span class='ocrx_word' id='word_1_618' title='bbox 1112 4940 1179 4981; x_wconf 82' lang='lat' dir='ltr'>suos</span> <span class='ocrx_word' id='word_1_619' title='bbox 1195 4923 1317 4999; x_wconf 67' lang='lat' dir='ltr'>iaris-ga</span> <span class='ocrx_word' id='word_1_620' title='bbox 1344 4923 1448 4989; x_wconf 82' lang='lat' dir='ltr'>terrea,</span> <span class='ocrx_word' id='word_1_621' title='bbox 1477 4922 1506 4981; x_wconf 90' lang='lat' dir='ltr'>id</span> <span class='ocrx_word' id='word_1_622' title='bbox 1532 4928 1585 4989; x_wconf 84' lang='lat' dir='ltr'>est,</span> <span class='ocrx_word' id='word_1_623' title='bbox 1606 4922 1634 4983; x_wconf 88' lang='lat' dir='ltr'>ia</span> <span class='ocrx_word' id='word_1_624' title='bbox 1649 4922 1795 4987; x_wconf 72' lang='lat' dir='ltr'>inflexibili</span> <span class='ocrx_word' id='word_1_625' title='bbox 1805 4922 1932 4993; x_wconf 67' lang='lat' dir='ltr'>jastium</span> 
     </span>
     <span class='ocr_line' id='line_1_53' title="bbox 230 4989 1930 5071; baseline 0.001 -27"><span class='ocrx_word' id='word_1_626' title='bbox 230 4989 346 5059; x_wconf 87' lang='lat' dir='ltr'>Sancto,</span> <span class='ocrx_word' id='word_1_627' title='bbox 361 4996 389 5047; x_wconf 90' lang='lat' dir='ltr'>et</span> <span class='ocrx_word' id='word_1_628' title='bbox 421 4996 500 5047; x_wconf 86' lang='lat' dir='ltr'>osteo</span> <span class='ocrx_word' id='word_1_629' title='bbox 514 5010 613 5065; x_wconf 89' lang='lat' dir='ltr'>paoem</span> <span class='ocrx_word' id='word_1_630' title='bbox 628 4995 678 5048; x_wconf 90' lang='lat' dir='ltr'>dat</span> <span class='ocrx_word' id='word_1_631' title='bbox 691 4993 861 5065; x_wconf 77' lang='lat' dir='ltr'>presbyteris</span> <span class='ocrx_word' id='word_1_632' title='bbox 882 4997 909 5051; x_wconf 89' lang='lat' dir='ltr'>at</span> <span class='ocrx_word' id='word_1_633' title='bbox 935 4992 1057 5057; x_wconf 86' lang='lat' dir='ltr'>diaconi·</span> <span class='ocrx_word' id='word_1_634' title='bbox 1113 4999 1170 5052; x_wconf 88' lang='lat' dir='ltr'>stat</span> <span class='ocrx_word' id='word_1_635' title='bbox 1184 5012 1281 5051; x_wconf 86' lang='lat' dir='ltr'>vorsus</span> <span class='ocrx_word' id='word_1_636' title='bbox 1297 4995 1333 5053; x_wconf 88' lang='lat' dir='ltr'>ad</span> <span class='ocrx_word' id='word_1_637' title='bbox 1348 4995 1504 5056; x_wconf 75' lang='lat' dir='ltr'>Orientem,</span> <span class='ocrx_word' id='word_1_638' title='bbox 1529 4994 1606 5069; x_wconf 84' lang='lat' dir='ltr'>quia,</span> <span class='ocrx_word' id='word_1_639' title='bbox 1622 4996 1653 5049; x_wconf 91' lang='lat' dir='ltr'>ut</span> <span class='ocrx_word' id='word_1_640' title='bbox 1673 4993 1731 5071; x_wconf 85' lang='lat' dir='ltr'>ipse</span> <span class='ocrx_word' id='word_1_641' title='bbox 1747 4993 1857 5057; x_wconf 83' lang='lat' dir='ltr'>iudicat</span> <span class='ocrx_word' id='word_1_642' title='bbox 1879 5007 1930 5047; x_wconf 87' lang='lat' dir='ltr'>aaa</span> 
     </span>
     <span class='ocr_line' id='line_1_54' title="bbox 226 5009 1932 5190; baseline 0.001 -75"><span class='ocrx_word' id='word_1_643' title='bbox 226 5060 291 5123; x_wconf 85' lang='lat' dir='ltr'>hus,</span> <span class='ocrx_word' id='word_1_644' title='bbox 307 5064 377 5145; x_wconf 74' lang='lat' dir='ltr'>poia</span> <span class='ocrx_word' id='word_1_645' title='bbox 393 5009 475 5119; x_wconf 59' lang='lat' dir='ltr'>iiiam</span> <span class='ocrx_word' id='word_1_646' title='bbox 488 5063 628 5147; x_wconf 79' lang='lat' dir='ltr'>imitatur,</span> <span class='ocrx_word' id='word_1_647' title='bbox 646 5066 680 5146; x_wconf 86' lang='lat' dir='ltr'>dc</span> <span class='ocrx_word' id='word_1_648' title='bbox 697 5082 751 5138; x_wconf 82' lang='lat' dir='ltr'>qao</span> <span class='ocrx_word' id='word_1_649' title='bbox 764 5064 905 5190; x_wconf 84' lang='lat' dir='ltr'>propheto</span> <span class='ocrx_word' id='word_1_650' title='bbox 920 5064 1033 5136; x_wconf 86' lang='lat' dir='ltr'>scripsit</span> <span class='ocrx_word' id='word_1_651' title='bbox 1050 5081 1056 5119; x_wconf 96' lang='lat'><strong>:</strong></span> <span class='ocrx_word' id='word_1_652' title='bbox 1113 5067 1260 5138; x_wconf 71' lang='lat' dir='ltr'>querebat</span> <span class='ocrx_word' id='word_1_653' title='bbox 1274 5065 1450 5125; x_wconf 85' lang='lat' dir='ltr'>voluntalem</span> <span class='ocrx_word' id='word_1_654' title='bbox 1466 5066 1664 5129; x_wconf 66' lang='lat' dir='ltr'>stramiacus,</span> <span class='ocrx_word' id='word_1_655' title='bbox 1680 5064 1729 5120; x_wconf 88' lang='lat' dir='ltr'>sed</span> <span class='ocrx_word' id='word_1_656' title='bbox 1745 5036 1867 5139; x_wconf 74' lang='lat' dir='ltr'>ejusqui</span> <span class='ocrx_word' id='word_1_657' title='bbox 1883 5064 1932 5118; x_wconf 88' lang='lat' dir='ltr'>mi-</span> 
     </span>
     <span class='ocr_line' id='line_1_55' title="bbox 226 5129 1929 5211; baseline 0.004 -29"><span class='ocrx_word' id='word_1_658' title='bbox 226 5129 470 5204; x_wconf 85' lang='lat' dir='ltr'>lllultrplrcahltur</span> <span class='ocrx_word' id='word_1_659' title='bbox 481 5152 541 5206; x_wconf 70' lang='lat' dir='ltr'>epus</span> <span class='ocrx_word' id='word_1_660' title='bbox 552 5150 714 5206; x_wconf 79' lang='lat' dir='ltr'>imperium,</span> <span class='ocrx_word' id='word_1_661' title='bbox 727 5140 755 5190; x_wconf 88' lang='lat' dir='ltr'>ct</span> <span class='ocrx_word' id='word_1_662' title='bbox 768 5152 820 5206; x_wconf 85' lang='lat' dir='ltr'>pec</span> <span class='ocrx_word' id='word_1_663' title='bbox 832 5136 917 5205; x_wconf 81' lang='lat' dir='ltr'>sajus</span> <span class='ocrx_word' id='word_1_664' title='bbox 929 5150 986 5190; x_wconf 90' lang='lat' dir='ltr'>noo</span> <span class='ocrx_word' id='word_1_665' title='bbox 1006 5135 1060 5190; x_wconf 89' lang='lat' dir='ltr'>erit</span> <span class='ocrx_word' id='word_1_666' title='bbox 1113 5136 1253 5202; x_wconf 79' lang='lat' dir='ltr'>attilium,</span> <span class='ocrx_word' id='word_1_667' title='bbox 1270 5137 1344 5191; x_wconf 90' lang='lat' dir='ltr'>siout</span> <span class='ocrx_word' id='word_1_668' title='bbox 1357 5138 1493 5211; x_wconf 89' lang='lat' dir='ltr'>scriptum</span> <span class='ocrx_word' id='word_1_669' title='bbox 1510 5140 1563 5203; x_wconf 89' lang='lat' dir='ltr'>est,</span> <span class='ocrx_word' id='word_1_670' title='bbox 1579 5136 1646 5207; x_wconf 86' lang='lat' dir='ltr'>qaia</span> <span class='ocrx_word' id='word_1_671' title='bbox 1656 5135 1804 5190; x_wconf 85' lang='lat' dir='ltr'>descendit</span> <span class='ocrx_word' id='word_1_672' title='bbox 1814 5134 1929 5197; x_wconf 78' lang='lat' dir='ltr'>decerto.</span> 
     </span>
     <span class='ocr_line' id='line_1_56' title="bbox 224 5203 1931 5288; baseline 0.001 -30"><span class='ocrx_word' id='word_1_673' title='bbox 224 5203 312 5284; x_wconf 25' lang='lat' dir='ltr'>thais.</span> <span class='ocrx_word' id='word_1_674' title='bbox 325 5204 422 5288; x_wconf 71' lang='lat' dir='ltr'>licimo</span> <span class='ocrx_word' id='word_1_675' title='bbox 437 5206 585 5279; x_wconf 87' lang='lat' dir='ltr'>episeopus</span> <span class='ocrx_word' id='word_1_676' title='bbox 594 5208 697 5263; x_wconf 87' lang='lat' dir='ltr'>adorat</span> <span class='ocrx_word' id='word_1_677' title='bbox 710 5208 825 5273; x_wconf 83' lang='lat' dir='ltr'>Sancta,</span> <span class='ocrx_word' id='word_1_678' title='bbox 837 5208 904 5278; x_wconf 89' lang='lat' dir='ltr'>quia</span> <span class='ocrx_word' id='word_1_679' title='bbox 919 5207 1011 5279; x_wconf 78' lang='lat' dir='ltr'>prImo</span> <span class='ocrx_word' id='word_1_680' title='bbox 1027 5206 1059 5262; x_wconf 91' lang='lat' dir='ltr'>il·</span> <span class='ocrx_word' id='word_1_681' title='bbox 1114 5225 1171 5265; x_wconf 90' lang='lat' dir='ltr'>aaa</span> <span class='ocrx_word' id='word_1_682' title='bbox 1184 5212 1216 5263; x_wconf 90' lang='lat' dir='ltr'>ut</span> <span class='ocrx_word' id='word_1_683' title='bbox 1226 5208 1330 5264; x_wconf 80' lang='lat' dir='ltr'>faciam</span> <span class='ocrx_word' id='word_1_684' title='bbox 1340 5208 1606 5264; x_wconf 80' lang='lat' dir='ltr'>volantatemeuem</span> <span class='ocrx_word' id='word_1_685' title='bbox 1620 5212 1649 5263; x_wconf 89' lang='lat' dir='ltr'>et</span> <span class='ocrx_word' id='word_1_686' title='bbox 1661 5206 1780 5278; x_wconf 83' lang='lat' dir='ltr'>reliqua.</span> <span class='ocrx_word' id='word_1_687' title='bbox 1787 5207 1931 5278; x_wconf 83' lang='lat' dir='ltr'>Nunquam</span> 
     </span>
     <span class='ocr_line' id='line_1_57' title="bbox 222 5276 1930 5351; baseline 0.002 -23"><span class='ocrx_word' id='word_1_688' title='bbox 222 5291 230 5328; x_wconf 89' lang='lat' dir='ltr'>r</span> <span class='ocrx_word' id='word_1_689' title='bbox 245 5291 278 5331; x_wconf 90' lang='lat' dir='ltr'>us</span> <span class='ocrx_word' id='word_1_690' title='bbox 292 5278 488 5343; x_wconf 81' lang='lat' dir='ltr'>misericordia</span> <span class='ocrx_word' id='word_1_691' title='bbox 499 5278 691 5348; x_wconf 81' lang='lat' dir='ltr'>impartienda</span> <span class='ocrx_word' id='word_1_692' title='bbox 705 5284 758 5339; x_wconf 79' lang='lat' dir='ltr'>est.</span> <span class='ocrx_word' id='word_1_693' title='bbox 772 5297 789 5335; x_wconf 89' lang='lat' dir='ltr'>a</span> <span class='ocrx_word' id='word_1_694' title='bbox 803 5296 859 5351; x_wconf 85' lang='lat' dir='ltr'>qno</span> <span class='ocrx_word' id='word_1_695' title='bbox 874 5296 930 5350; x_wconf 77' lang='lat' dir='ltr'>pos</span> <span class='ocrx_word' id='word_1_696' title='bbox 950 5285 978 5334; x_wconf 90' lang='lat' dir='ltr'>ot</span> <span class='ocrx_word' id='word_1_697' title='bbox 991 5295 1054 5339; x_wconf 89' lang='lat' dir='ltr'>coa·</span> <span class='ocrx_word' id='word_1_698' title='bbox 1113 5284 1271 5345; x_wconf 78' lang='lat' dir='ltr'>retrorsum</span> <span class='ocrx_word' id='word_1_699' title='bbox 1288 5296 1395 5345; x_wconf 84' lang='lat' dir='ltr'>versus,</span> <span class='ocrx_word' id='word_1_700' title='bbox 1422 5281 1471 5339; x_wconf 87' lang='lat' dir='ltr'>scd</span> <span class='ocrx_word' id='word_1_701' title='bbox 1487 5295 1601 5350; x_wconf 84' lang='lat' dir='ltr'>semper</span> <span class='ocrx_word' id='word_1_702' title='bbox 1616 5276 1720 5345; x_wconf 79' lang='lat' dir='ltr'>taciem</span> <span class='ocrx_word' id='word_1_703' title='bbox 1734 5277 1828 5337; x_wconf 87' lang='lat' dir='ltr'>Patris</span> <span class='ocrx_word' id='word_1_704' title='bbox 1846 5278 1930 5333; x_wconf 83' lang='lat' dir='ltr'>tatae·</span> 
     </span>
     <span class='ocr_line' id='line_1_58' title="bbox 226 5346 1930 5421; baseline 0.001 -22"><span class='ocrx_word' id='word_1_705' title='bbox 226 5346 332 5412; x_wconf 89' lang='lat' dir='ltr'>cordia,</span> <span class='ocrx_word' id='word_1_706' title='bbox 351 5352 380 5404; x_wconf 90' lang='lat' dir='ltr'>et</span> <span class='ocrx_word' id='word_1_707' title='bbox 394 5364 512 5421; x_wconf 79' lang='lat' dir='ltr'>regnam</span> <span class='ocrx_word' id='word_1_708' title='bbox 526 5349 629 5405; x_wconf 87' lang='lat' dir='ltr'>Christi</span> <span class='ocrx_word' id='word_1_709' title='bbox 643 5351 719 5405; x_wconf 87' lang='lat' dir='ltr'>intra</span> <span class='ocrx_word' id='word_1_710' title='bbox 734 5366 787 5405; x_wconf 91' lang='lat' dir='ltr'>nos</span> <span class='ocrx_word' id='word_1_711' title='bbox 802 5356 913 5421; x_wconf 82' lang='lat' dir='ltr'>regnat.</span> <span class='ocrx_word' id='word_1_712' title='bbox 933 5351 1057 5405; x_wconf 82' lang='lat' dir='ltr'>ltuossa·</span> <span class='ocrx_word' id='word_1_713' title='bbox 1113 5352 1261 5407; x_wconf 90' lang='lat' dir='ltr'>tnr.Umlo</span> <span class='ocrx_word' id='word_1_714' title='bbox 1290 5349 1349 5421; x_wconf 89' lang='lat' dir='ltr'>ipse</span> <span class='ocrx_word' id='word_1_715' title='bbox 1368 5350 1502 5405; x_wconf 84' lang='lat' dir='ltr'>hominus</span> <span class='ocrx_word' id='word_1_716' title='bbox 1528 5349 1557 5405; x_wconf 90' lang='lat' dir='ltr'>iu</span> <span class='ocrx_word' id='word_1_717' title='bbox 1580 5346 1833 5419; x_wconf 80' lang='lat' dir='ltr'>Evangelio:Scio</span> <span class='ocrx_word' id='word_1_718' title='bbox 1861 5348 1930 5402; x_wconf 83' lang='lat' dir='ltr'>uude</span> 
     </span>
     <span class='ocr_line' id='line_1_59' title="bbox 226 5419 1930 5502; baseline 0.002 -31"><span class='ocrx_word' id='word_1_719' title='bbox 226 5419 526 5502; x_wconf 74' lang='lat' dir='ltr'>cerdotesosculatur,</span> <span class='ocrx_word' id='word_1_720' title='bbox 538 5421 606 5492; x_wconf 88' lang='lat' dir='ltr'>quia</span> <span class='ocrx_word' id='word_1_721' title='bbox 621 5420 680 5493; x_wconf 86' lang='lat' dir='ltr'>ipse</span> <span class='ocrx_word' id='word_1_722' title='bbox 695 5420 776 5477; x_wconf 85' lang='lat' dir='ltr'>astla</span> <span class='ocrx_word' id='word_1_723' title='bbox 798 5421 820 5476; x_wconf 91' lang='lat' dir='ltr'>is</span> <span class='ocrx_word' id='word_1_724' title='bbox 836 5420 991 5493; x_wconf 77' lang='lat' dir='ltr'>pugillaris,</span> <span class='ocrx_word' id='word_1_725' title='bbox 1008 5419 1056 5494; x_wconf 88' lang='lat' dir='ltr'>qui</span> <span class='ocrx_word' id='word_1_726' title='bbox 1112 5421 1187 5488; x_wconf 85' lang='lat' dir='ltr'>reni,</span> <span class='ocrx_word' id='word_1_727' title='bbox 1199 5427 1227 5476; x_wconf 90' lang='lat' dir='ltr'>at</span> <span class='ocrx_word' id='word_1_728' title='bbox 1241 5438 1297 5494; x_wconf 87' lang='lat' dir='ltr'>quo</span> <span class='ocrx_word' id='word_1_729' title='bbox 1309 5421 1391 5478; x_wconf 84' lang='lat' dir='ltr'>rado.</span> <span class='ocrx_word' id='word_1_730' title='bbox 1406 5421 1452 5481; x_wconf 79' lang='lat' dir='ltr'>Sia</span> <span class='ocrx_word' id='word_1_731' title='bbox 1469 5438 1594 5492; x_wconf 83' lang='lat' dir='ltr'>namque</span> <span class='ocrx_word' id='word_1_732' title='bbox 1606 5423 1720 5491; x_wconf 88' lang='lat' dir='ltr'>oportet</span> <span class='ocrx_word' id='word_1_733' title='bbox 1745 5419 1888 5479; x_wconf 86' lang='lat' dir='ltr'>Christum</span> <span class='ocrx_word' id='word_1_734' title='bbox 1906 5420 1930 5472; x_wconf 79' lang='lat' dir='ltr'>ct</span> 
     </span>
     <span class='ocr_line' id='line_1_60' title="bbox 227 5438 1929 5566; baseline 0.004 -25"><span class='ocrx_word' id='word_1_735' title='bbox 227 5496 377 5559; x_wconf 69' lang='lat' dir='ltr'>conjunxit</span> <span class='ocrx_word' id='word_1_736' title='bbox 387 5491 457 5546; x_wconf 92' lang='lat' dir='ltr'>duos</span> <span class='ocrx_word' id='word_1_737' title='bbox 469 5508 496 5545; x_wconf 94' lang='lat' dir='ltr'>m</span> <span class='ocrx_word' id='word_1_738' title='bbox 506 5506 594 5547; x_wconf 88' lang='lat' dir='ltr'>unum</span> <span class='ocrx_word' id='word_1_739' title='bbox 605 5491 744 5562; x_wconf 87' lang='lat' dir='ltr'>parietem</span> <span class='ocrx_word' id='word_1_740' title='bbox 760 5438 927 5551; x_wconf 61' lang='lat' dir='ltr'>afiriasccns</span> <span class='ocrx_word' id='word_1_741' title='bbox 944 5491 1057 5553; x_wconf 83' lang='lat' dir='ltr'>scaion-</span> <span class='ocrx_word' id='word_1_742' title='bbox 1111 5510 1232 5566; x_wconf 73' lang='lat' dir='ltr'>coppam</span> <span class='ocrx_word' id='word_1_743' title='bbox 1245 5492 1402 5565; x_wconf 70' lang='lat' dir='ltr'>predicare</span> <span class='ocrx_word' id='word_1_744' title='bbox 1417 5492 1541 5561; x_wconf 73' lang='lat' dir='ltr'>coeleste,</span> <span class='ocrx_word' id='word_1_745' title='bbox 1563 5494 1593 5547; x_wconf 89' lang='lat' dir='ltr'>et</span> <span class='ocrx_word' id='word_1_746' title='bbox 1617 5496 1733 5563; x_wconf 82' lang='lat' dir='ltr'>peccata</span> <span class='ocrx_word' id='word_1_747' title='bbox 1746 5491 1799 5549; x_wconf 89' lang='lat' dir='ltr'>sab</span> <span class='ocrx_word' id='word_1_748' title='bbox 1818 5490 1929 5563; x_wconf 70' lang='lat' dir='ltr'>pedibus</span> 
     </span>
     <span class='ocr_line' id='line_1_61' title="bbox 195 5558 1927 5644; baseline 0.003 -31"><span class='ocrx_word' id='word_1_749' title='bbox 195 5578 207 5589; x_wconf 51' lang='lat'>¹&gt;</span> <span class='ocrx_word' id='word_1_750' title='bbox 226 5560 281 5622; x_wconf 86' lang='lat' dir='ltr'>tes,</span> <span class='ocrx_word' id='word_1_751' title='bbox 297 5563 326 5614; x_wconf 89' lang='lat' dir='ltr'>et</span> <span class='ocrx_word' id='word_1_752' title='bbox 340 5560 419 5617; x_wconf 85' lang='lat' dir='ltr'>dedit</span> <span class='ocrx_word' id='word_1_753' title='bbox 431 5574 530 5634; x_wconf 80' lang='lat' dir='ltr'>paoem</span> <span class='ocrx_word' id='word_1_754' title='bbox 546 5562 591 5619; x_wconf 91' lang='lat' dir='ltr'>his</span> <span class='ocrx_word' id='word_1_755' title='bbox 616 5562 664 5632; x_wconf 83' lang='lat' dir='ltr'>qai</span> <span class='ocrx_word' id='word_1_756' title='bbox 679 5562 793 5618; x_wconf 87' lang='lat' dir='ltr'>lucrant</span> <span class='ocrx_word' id='word_1_757' title='bbox 810 5561 893 5631; x_wconf 62' lang='lat' dir='ltr'>laese</span> <span class='ocrx_word' id='word_1_758' title='bbox 908 5566 937 5619; x_wconf 86' lang='lat' dir='ltr'>et</span> <span class='ocrx_word' id='word_1_759' title='bbox 951 5563 994 5618; x_wconf 88' lang='lat' dir='ltr'>his</span> <span class='ocrx_word' id='word_1_760' title='bbox 1008 5562 1055 5633; x_wconf 86' lang='lat' dir='ltr'>qui</span> <span class='ocrx_word' id='word_1_761' title='bbox 1111 5569 1238 5627; x_wconf 78' lang='lat' dir='ltr'>sternere</span> <span class='ocrx_word' id='word_1_762' title='bbox 1253 5578 1260 5633; x_wconf 89' lang='lat'>;</span> <span class='ocrx_word' id='word_1_763' title='bbox 1276 5562 1417 5636; x_wconf 74' lang='lat' dir='ltr'>respicere</span> <span class='ocrx_word' id='word_1_764' title='bbox 1431 5568 1549 5629; x_wconf 79' lang='lat' dir='ltr'>esterna,</span> <span class='ocrx_word' id='word_1_765' title='bbox 1563 5568 1594 5631; x_wconf 82' lang='lat' dir='ltr'>et</span> <span class='ocrx_word' id='word_1_766' title='bbox 1608 5560 1780 5644; x_wconf 71' lang='lat' dir='ltr'>temporalia</span> <span class='ocrx_word' id='word_1_767' title='bbox 1793 5567 1870 5621; x_wconf 83' lang='lat' dir='ltr'>retra</span> <span class='ocrx_word' id='word_1_768' title='bbox 1881 5558 1927 5617; x_wconf 77' lang='lat' dir='ltr'>be·</span> 
     </span>
     <span class='ocr_line' id='line_1_62' title="bbox 229 5624 1926 5706; baseline 0.001 -21"><span class='ocrx_word' id='word_1_769' title='bbox 229 5635 328 5697; x_wconf 82' lang='lat' dir='ltr'>prope.</span> <span class='ocrx_word' id='word_1_770' title='bbox 911 5678 921 5689; x_wconf 89' lang='lat'>.</span> <span class='ocrx_word' id='word_1_771' title='bbox 1110 5631 1186 5691; x_wconf 79' lang='lat' dir='ltr'>tero.</span> <span class='ocrx_word' id='word_1_772' title='bbox 1203 5624 1514 5704; x_wconf 63' lang='lat' dir='ltr'>praeoptaremus</span> <span class='ocrx_word' id='word_1_773' title='bbox 1531 5630 1607 5706; x_wconf 75' lang='lat' dir='ltr'>quia.</span> <span class='ocrx_word' id='word_1_774' title='bbox 1624 5628 1844 5705; x_wconf 73' lang='lat' dir='ltr'>doctoralibus,</span> <span class='ocrx_word' id='word_1_775' title='bbox 1860 5632 1926 5687; x_wconf 75' lang='lat' dir='ltr'>boas</span> 
     </span>
    </p>
   </div>
   <div class='ocr_carea' id='block_1_9' title="bbox 0 0 2044 6200">
    <p class='ocr_par' dir='ltr' id='par_1_13' title="bbox 0 0 2044 6200">
     <span class='ocr_line' id='line_1_63' title="bbox 0 0 2044 6200; baseline 0 0"><span class='ocrx_word' id='word_1_776' title='bbox 0 0 2044 6200; x_wconf 95' lang='lat' dir='ltr'> </span> 
     </span>
    </p>
   </div>
  </div>
 </body>
</html>
