4062 6180
248 270 308 334 ars
383 228 388 237 ⁸

636 267 673 329 m
693 266 724 330 s.
748 262 927 329 caucana
948 260 1088 323 niuuuu
1108 255 1439 324 sacnuuauaaaou
1462 256 1571 323 noun
1862 276 1908 342 m
1977 214 1978 219 Ν

156 413 164 417 ,
246 402 295 473 fici
312 401 426 455 valeam·
438 399 492 454 Sed
508 399 543 454 de
558 398 601 453 his
615 399 684 453 sapis
699 414 706 463 ;
723 397 806 465 ΝΜ
822 396 883 451 virle
896 391 1070 449 indefensis
1089 392 1110 453 Α
1127 387 1192 447 leret.
1206 389 1405 447 admemoriam
1417 392 1558 448 reducitur
1571 389 1736 461 sacrificium,
1748 400 1911 463 aputeum

247 490 284 528 ne
299 471 493 528 ecclesiasticas
503 469 674 525 hierarchia>
685 468 840 525 doctissimi
856 467 908 522 viri
931 462 1072 521 Francisei

87 566 93 589 r
148 596 150 601 ,
249 544 365 609 nullior,
382 560 443 612 cup.
463 548 488 596 ’2.

283 617 351 685 tlap.
366 615 468 669 uittam
489 613 547 682 agit
565 610 765 682 Theodulphns
789 611 823 665 dc
839 624 956 677 corpore
968 613 995 661 et
1010 621 1073 659 san·

246 685 332 757 gaiae
348 684 461 745 chrisa,
476 684 620 754 maeotim
640 700 700 737 eum
719 682 861 752 baptismo
876 679 1071 738 sumebantur,

246 757 334 811 ctiam
349 758 385 810 ab
400 756 569 818 insanhhaS,
587 761 715 824 utsupra
729 755 790 808 susc
806 751 995 805 ‹tacuimuset
1007 762 1071 802 con·

246 832 304 882 stat
319 828 406 882 ctiam
423 844 456 880 ex
472 827 611 880 Theodori
630 825 797 879 Antioche-ai
814 839 899 892 opere
916 825 1016 875 eontra
1029 836 1073 872 as·

247 907 372 953 serentes
385 915 501 968 peccare
520 896 606 951 homii
620 913 649 950 cs
672 903 785 959 natura,
803 910 860 948 non
875 892 1029 947 rohmtate.
1045 890 1072 970 in

182 988 199 999 r
248 970 382 1024 Biblioth.
400 968 499 1032 t'hotii,
516 985 597 1023 riam.
615 968 673 1025 tlt.
689 973 717 1022 et
731 970 766 1021 dc
781 981 855 1035 aqua
871 962 898 1017 in
920 962 1007 1016 calice
1024 977 1074 1014 nu-

247 1043 363 1095 sccnda.
394 1042 455 1093 tlara
472 1046 566 1093 autem
583 1040 676 1101 verba,
701 1039 755 1092 Hoc
769 1053 833 1103 erpa
854 1035 1020 1103 sacrificium
1033 1032 1075 1099 os·

245 1113 323 1182 [erre
339 1111 510 1180 desacrata-ie
528 1110 641 1173 relictis,
657 1113 723 1169 etc,
741 1110 872 1176 corrupta
888 1110 965 1165 sant,
980 1109 1075 1165 eher-

270 1188 353 1236 ancto
367 1184 449 1237 uerbo
462 1182 570 1249 afferre,
584 1180 658 1249 quod
675 1181 825 1241 redundat,
840 1176 991 1245 legendum
1008 1180 1051 1230 cst
1066 1190 1073 1228 ε

248 1200 303 1308 ilua
313 1271 380 1323 erpo
396 1253 561 1321 musterium,
577 1251 713 1307 derelictis
724 1268 754 1304 ac
764 1250 853 1320 fieretis
875 1246 1008 1303 ueteribus
1033 1262 1075 1298 sa·

142 1350 147 1363 ·
246 1324 359 1394 orificiis
373 1330 397 1377 et
412 1324 516 1381 hostiis.
534 1323 653 1377 Ecclesia
668 1322 791 1383 celebrat,
809 1325 862 1375 etc.

283 1404 416 1473 Sequitur
430 1405 465 1458 da
481 1402 627 1456 miscenda
642 1418 717 1471 aqua
728 1401 793 1454 rino
809 1399 836 1453 in
852 1397 938 1452 calice
953 1394 1076 1451 sanctifi-

247 1475 351 1540 cando,
378 1491 436 1544 qna
455 1476 490 1528 de
504 1491 534 1527 rc
550 1473 609 1544 agit
624 1478 740 1527 sanctas
755 1469 913 1553 Cyprianus
926 1467 1009 1549 epist.
1030 1467 1074 1528 113,

246 1547 385 1600 adversas
398 1562 446 1600 eos
461 1544 509 1615 qai
525 1546 585 1598 sola
601 1560 675 1613 aqua
688 1544 820 1597 sinerum
836 1546 1073 1610 mysteriumsan·

246 1616 341 1685 guinis
357 1616 459 1670 Christi
472 1616 654 1686 peragebant,
671 1614 718 1684 qai
732 1618 829 1685 postea
845 1615 911 1666 sunt
940 1608 1073 1679 appellati

1130 463 1288 516 inalieram.

1164 532 1251 586 Pareo
1271 534 1298 587 in
1315 535 1382 589 Cad.
1407 531 1520 590 Ratoldi
1548 534 1641 588 exstat
1654 532 1799 593 benedictio
1813 540 1880 601 laetis
1892 559 1914 605 et

1128 602 1221 656 mellis
1236 604 1263 657 in
1281 606 1355 660 hunc
1372 607 1489 661 inodam
1507 622 1513 660 τ
1532 607 1583 659 Bere
1594 606 1651 659 rute.
1664 606 1777 675 flamine,
1792 612 1915 673 haecum.

1128 681 1218 727 turam
1233 675 1309 729 lactis
1322 684 1346 730 et
1360 677 1457 737 mellis,
1473 683 1539 736 etc..
1564 680 1595 730 ut
1617 676 1644 731 in
1661 676 1724 732 Ord.
1739 680 1813 736 hom.
1829 687 1914 745 Deinde

1128 746 1256 814 sequitur
1271 764 1277 800 ι
1294 749 1348 801 Per
1359 765 1434 818 quma
1450 749 1503 802 herc
1514 765 1615 812 amnia,
1635 747 1748 805 Domine.
1758 769 1849 823 semper
1862 758 1916 814 bana

1128 832 1215 870 erens.
1227 817 1254 869 td
1269 822 1366 872 autera
1380 819 1465 873 hebeat
1485 826 1600 889 prepter
1612 834 1707 873 recens
1718 822 1865 892 baptizatos,
1877 832 1916 899 qai

1129 892 1333 957 pnstsanctam
1347 890 1493 945 lavacrum
1510 893 1553 946 lac
1568 893 1594 945 et
1613 889 1669 943 mel
1689 896 1916 964 gastarcjubcbaa·

1128 962 1175 1012 tur
1186 959 1266 1027 quiesi
1283 962 1368 1015 inodo
1383 962 1470 1032 geniti
1484 961 1609 1016 inientes
1624 977 1630 1024 ;
1644 977 1699 1043 quo
1709 961 1919 1034 ritusignihcaba·

1129 1034 1174 1083 tur
1188 1031 1365 1096 Christianis,
1381 1032 1460 1086 orsini
1488 1038 1572 1088 exuta
1596 1031 1713 1091 matitia.
1730 1034 1917 1102 simplieitatem

1129 1100 1249 1181 infantis
1262 1119 1322 1156 csse
1340 1104 1578 1172 amplectendam.
1598 1104 1625 1157 td
1643 1103 1783 1159 riderecst
1796 1107 1822 1161 ia
1836 1110 1920 1166 ordine

1129 1178 1331 1241 mysteriorum
1348 1174 1522 1244 AEthiopam‚
1536 1185 1565 1229 ut
1577 1181 1688 1238 vocant,
1701 1174 1728 1229 ia
1742 1193 1803 1245 qao,
1818 1179 1921 1249 baptiza·

1131 1242 1165 1296 tis
1177 1259 1257 1297 sacro
1274 1246 1415 1314 perunctis
1429 1245 1594 1306 chrismate,
1613 1246 1674 1300 haec
1695 1245 1782 1316 legera
1809 1254 1861 1303 est:
1872 1253 1920 1306 ute-

1129 1315 1312 1394 comudeimte
1326 1316 1372 1370 dat
1387 1317 1447 1373 iltis
1462 1319 1502 1371 tac
1515 1316 1538 1369 el
1553 1315 1613 1377 mel,
1629 1323 1655 1369 et
1676 1316 1740 1372 dreit
1756 1333 1762 1370 :
1783 1319 1830 1373 Lae
1846 1328 1868 1374 et
1880 1322 1921 1378 met

1130 1386 1332 1441 trainaeulatum
1344 1388 1374 1440 in
1388 1389 1630 1457 rememorationem.
1644 1389 1738 1441 Amen.
1752 1390 1870 1445 Sacerdos
1882 1408 1923 1448 uit-

1131 1461 1181 1509 tem
1194 1456 1262 1512 dicit
1277 1473 1283 1512 ε
1299 1459 1350 1512 Lac
1364 1465 1389 1512 et
1399 1458 1657 1513 melimrnaculatam
1682 1459 1710 1511 ia
1723 1463 1922 1527 regenerationem

1126 1526 1280 1597 permira
1297 1528 1434 1584 Christum
1457 1531 1552 1586 Amen.
1570 1530 1788 1599 npaasanaum
1810 1532 1925 1605 Hierony-

1131 1613 1220 1661 mum,
1238 1598 1351 1669 dialogo
1365 1602 1501 1656 advcrsus
1517 1600 1729 1656 Lucitcrianos:
1746 1600 1817 1656 Vetat
1828 1604 1855 1655 in
1865 1603 1924 1657 hoa·

248 1689 510 1757 Hydffipmspflpff„
531 1687 558 1739 5„
572 1703 636 1740 020,
652 1687 686 1740 32
702 1684 801 1755 synodi
822 1688 919 1737 semp,
950 1683 1075 1735 Fuerunt
1129 1684 1173 1721 cro
1185 1677 1227 1723 ter
1236 1678 1317 1741 rapiet
1330 1672 1484 1739 mergitare,
1499 1671 1598 1726 dcirule
1617 1673 1810 1741 egressoslach's
1822 1676 1926 1729 etmellii

249 1759 309 1821 ahi,
335 1758 451 1812 Amneni
495 1756 636 1817 videlicet,
664 1756 712 1831 qui
744 1754 805 1809 solo
833 1754 898 1807 vino
927 1751 1074 1821 sanguinis
1093 1748 1294 1809 sspirapasture
1315 1744 1487 1796 ⁶⁰'100ld1'0m
1509 1743 1548 1796 “ll
1569 1744 1697 1814 insontia·
1718 1744 1926 1812 Silllfilellfflt‘tt·

247 1829 349 1883 Christi
364 1827 505 1898 mysteriis
524 1828 565 1881 asi
582 1831 657 1885 sunt,
678 1844 748 1896 qtros
779 1828 879 1879 domat
897 1825 998 1878 eadem
1029 1839 1073 1891 sp·

247 1901 341 1955 nodus
355 1916 466 1954 canone
481 1900 592 1953 eadem.
611 1899 663 1952 sed
682 1899 725 1951 his
739 1897 779 1952 sic
793 1897 830 1950 ad
855 1894 1074 1964 'theodulphum

247 1971 363 2034 notatis,
377 1973 529 2024 redeamus
540 1971 576 2023 ud
592 1969 780 2039 propositum.

282 2059 345 2113 335.
373 2058 467 2111 Gloria
492 2058 520 2112 ia
544 2057 662 2110 erretsia.
690 2058 731 2111 lta
753 2054 890 2109 statuitur
904 2053 933 2107 in
955 2051 1074 2107 concilio

248 2129 473 2201 ltothomagensi
489 2130 563 2198 apud
580 2127 746 2183 (tidericum
761 2125 893 2190 litatem,
903 2124 951 2177 lib.
963 2140 990 2178 ir
1002 2124 1072 2178 hist.

244 2201 325 2269 cccl,
342 2217 407 2255 cura
424 2200 517 2267 agitur
531 2200 565 2253 de
578 2199 660 2252 hlissa
672 2198 756 2267 hujus
771 2197 887 2252 Sabbati
909 2196 997 2249 sancti
1014 2212 1020 2248 :
1038 2194 1074 2247 ab

244 2273 546 2342 ateirisraeiri-entiam,¹¹
563 2269 657 2324 Gloria
674 2270 702 2323 in
718 2268 828 2324 excelsis
845 2275 896 2322 tteo
910 2271 934 2321 et
952 2266 1074 2320 Alleluia

244 2348 387 2397 cantatur.

281 2431 343 2485 336.
363 2430 468 2484 Etcum
483 2429 588 2500 spiritu
601 2436 646 2483 tuo
671 2428 730 2482 Vox
746 2432 788 2482 ast
801 2425 896 2497 populi
906 2442 939 2480 ex
954 2424 1073 2495 antiquo

244 2501 303 2557 ritu
319 2501 460 2563 Ecclesiae,
477 2517 542 2555 caru
561 2499 687 2567 piontillci
705 2499 756 2553 sibi
785 2499 855 2553 bene
881 2496 1006 2569 precanti
1031 2512 1070 2550 rc·

243 2574 390 2644 spondeas
415 2571 538 2626 vicissim
565 2570 604 2624 illi
621 2572 692 2625 bene
708 2574 848 2640 prorutae,
869 2573 900 2622 ut
917 2567 1012 2621 videre
1030 2572 1073 2622 cst

245 2642 405 2698 insensilia
419 2641 586 2697 uraearensi
602 2661 620 2707 i,
638 2658 690 2696 can
707 2642 736 2695 ut
753 2658 759 2696 :
778 2641 812 2694 Et
829 2647 857 2694 ut
882 2639 1073 2709 respondeatur

243 2732 262 2768 a
273 2715 386 2785 populo:
399 2714 435 2768 m
449 2731 508 2768 cum
521 2714 624 2783 spiritu
640 2721 696 2766 tao.
712 2713 745 2766 th
756 2713 829 2780 apud
845 2716 973 2765 sanctum
987 2709 1073 2764 loan-

245 2802 314 2840 ncin
329 2786 573 2855 Chrysostomam,
591 2783 710 2838 homilia
723 2783 754 2838 m
767 2783 795 2837 in
817 2780 968 2852 epistolam
985 2780 1007 2833 ΙΙ
1035 2780 1072 2835 ad

243 2855 409 2911 Corinthios
421 2876 427 2911 :
438 2856 492 2908 Ἐπ’
506 2855 589 2907 αὐτῶν
603 2855 681 2907 πάλιν
691 2849 908 2927 ppmee'eerureu
921 2856 1073 2925 μυστηρίων

167 2982 170 2989 ,
246 2926 386 2998 ἐπεύχεται
412 2929 425 2979 ὁ
452 2927 531 2988 ἱερεύς
557 2934 593 2996 τῷ
621 2926 684 2995 λαῷ,
710 2930 755 2976 καὶ
784 2922 1021 2995 ὶπεύχεταιὸλαὸς
1036 2930 1072 2992 τῷ

250 3000 320 3070 ἱερεῖ·
348 3002 377 3050 τὸ
402 3000 464 3070 γὰρ,
494 3000 566 3049 Μετὰ
593 3000 735 3068 reciperer
768 3014 826 3061 aaa,
856 2991 931 3046 aldio
960 2992 1070 3061 larmir

242 3079 333 3123 ecura.
347 3070 377 3123 ld
397 3075 457 3123 est:
472 3070 501 3123 ln
516 3067 584 3138 ipsis
597 3067 750 3123 tremendis
764 3065 907 3137 mysteriis
918 3066 988 3119 bene
1012 3080 1073 3135 prc-

244 3139 462 3213 caturpontiter
478 3140 628 3209 poput0,ct
645 3138 764 3209 populns
781 3140 851 3191 bene
867 3140 1073 3261 precaturpon-

247 3211 336 3275 tuter,
366 3210 435 3265 illud
450 3210 538 3271 enim,
555 3210 726 3279 cumspirihi
752 3215 807 3269 tuo,
836 3207 863 3261 ni
888 3207 905 3261 il
927 3206 1005 3261 aliud
1030 3212 1073 3261 est

245 3300 330 3352 quam
359 3282 421 3336 hoc.
448 3283 477 3335 tn
505 3281 627 3351 liturgiis
642 3285 804 3334 sanctorum
820 3278 929 3335 iacobi.
949 3278 1031 3333 ttarci
1044 3283 1073 3332 ct

244 3354 331 3416 Petri,
359 3353 503 3407 interdurn
533 3352 594 3406 haec
617 3350 764 3421 responsio
790 3350 882 3419 papali
911 3347 1071 3403 chartaria

245 3424 333 3479 dandi
349 3439 433 3479 casu:
451 3430 501 3476 ttae
515 3430 551 3492 τῷ
567 3425 691 3491 recuperet
708 3441 765 3490 aaa,
781 3421 810 3474 id
837 3424 889 3486 est,
911 3419 943 3473 Et
960 3419 1071 3489 spiritui

245 3499 304 3550 tuo.
314 3500 406 3562 Quam
420 3494 507 3548 etiam
516 3493 644 3565 agnoseit
659 3497 773 3548 sanctus
784 3492 941 3546 Germanus
952 3490 1072 3559 patriar·

244 3566 298 3622 cha
323 3564 656 3636 constantinopolitanas
671 3563 699 3618 in
723 3561 845 3618 Theoria
861 3561 988 3633 llystica.
1005 3577 1070 3615 cum

244 3654 309 3692 eam
334 3637 374 3691 sic
396 3637 512 3704 exponit
527 3654 533 3690 z
551 3640 601 3688 Kal
614 3644 650 3704 τῷ
674 3638 800 3705 πνεύματί
817 3652 875 3693 aaa,
896 3637 1015 3684 sautiare
1028 3637 1071 3690 τὴν

243 3713 310 3781 πρὸς
325 3727 354 3760 ar
369 3704 518 3779 ἀδιαίρετον
536 3706 627 3759 ἕνωσιν
640 3702 685 3766 δὸς
700 3707 772 3769 huia,
789 3706 830 3756 ἶνα
843 3712 878 3773 τῷ
898 3706 1023 3773 πνεύματι
1038 3703 1070 3755 ei·

244 3784 400 3853 ρηνεύοντες,
419 3777 564 3851 ἀχώριστοι
586 3779 766 3848 τυγχάνωμεν.
786 3776 814 3829 ld
829 3780 891 3830 csl:
914 3773 1070 3844 Elspirilui

246 3856 305 3914 tuo,
325 3850 352 3904 id
368 3854 411 3906 est
424 3855 517 3904 tecum
528 3849 664 3903 unionem
679 3846 857 3902 iacientium
873 3846 910 3900 da
926 3846 1016 3909 nobis,
1029 3848 1068 3907 nt,

245 3921 345 3992 spiritu
371 3937 468 3990 pacem
495 3920 649 3990 agitantes,
675 3917 879 3987 inseparabiles
909 3915 1009 3969 simus.
1038 3918 1072 3970 ut

245 3991 625 4061 sanetustoanamysost..
657 3989 734 4043 ham.
751 3990 795 4053 313,
812 3988 841 4042 ia
870 3986 970 4041 Matth.
1003 4003 1009 4041 :
1039 3989 1069 4041 Et

243 4063 432 4117 memdicare:
448 4058 672 4125 Paauobi's,clra
703 4060 801 4127 rimare,
828 4065 929 4127 Καιτῲ
943 4060 1071 4129 πνεύματι

245 4152 303 4198 σου,
313 4133 342 4189 id
353 4139 405 4199 est,
421 4134 516 4187 deinde
531 4132 684 4186 dixeritis:
701 4132 737 4186 m
746 4130 863 4201 spiritui
876 4136 931 4184 tao.

279 4223 341 4275 331.
358 4221 430 4276 Deus
444 4221 492 4291 oui
505 4220 573 4274 hanc
585 4219 798 4273 sacratissimam
813 4224 923 4272 matera.
938 4217 981 4271 lta
993 4218 1070 4287 apud

243 4292 406 4353 Alcuinurn,
423 4292 488 4360 quia
505 4290 622 4345 Sabbati
647 4291 738 4344 sancti
764 4289 892 4344 alliciam
915 4288 1070 4343 Adnactern

243 4363 393 4419 Dominicie
408 4361 623 4417 Resurrectionis
639 4362 762 4431 respicit,
780 4365 809 4415 ut
820 4360 942 4414 habetur
957 4360 985 4413 in
1001 4376 1069 4414 con·

1130 1811 1162 1865 m
1178 1814 1251 1880 apud
1265 1813 1481 1873 Tertullianum,
1505 1813 1552 1867 lib.
1569 1816 1603 1869 de
1620 1820 1732 1867 (torona
1752 1814 1861 1869 militis:
1874 1816 1927 1870 Inde

1128 1884 1242 1963 suscepti
1256 1884 1334 1937 lactes
1347 1892 1371 1938 et
1392 1885 1477 1938 mettis
1489 1886 1658 1939 coiieardiam
1680 1884 1852 1964 degustamus.
1873 1887 1928 1941 ltine

1129 1955 1266 2022 capienda
1282 1959 1349 2009 sual
1381 1955 1429 2010 illa
1444 1956 1566 2010 concillii
1587 1956 1814 2025 Carthaginiensis
1846 1957 1928 2021 Greci,

1129 2041 1192 2078 cau.
1214 2025 1265 2080 40:
1280 2028 1402 2099 Ἀπαρχή
1431 2023 1510 2079 dieite
1534 2027 1600 2098 peti,
1624 2030 1676 2079 sire
1695 2026 1771 2096 pila,
1793 2030 1825 2087 ὡς
1850 2030 1928 2093 εἴωθεν,

1128 2098 1313 2170 προσφερέσθω
1331 2095 1414 2168 ἑνμιᾱ
1438 2099 1522 2169 ἡμέρᾳ
1547 2097 1626 2169 ilipa>
1642 2098 1718 2157 ιίςτὸ
1733 2105 1781 2149 τῶν
1791 2103 1879 2155 νηπίων
1893 2118 1930 2169 pa·

1130 2171 1246 2238 cripte-1.
1262 2169 1291 2221 Id
1306 2173 1349 2222 cst
1363 2184 1368 2220 :
1384 2169 1517 2224 t’rimitiae
1530 2169 1588 2223 sive
1605 2169 1660 2223 mel
1672 2169 1729 2223 sive
1739 2169 1780 2225 lac
1793 2169 1930 2223 oderantur

1129 2253 1187 2292 uno
1200 2239 1393 2294 diecensueto
1408 2241 1444 2294 ad
1473 2240 1626 2294 infantium
1648 2239 1824 2294 mesariam.
1847 2240 1931 2308 Agitur

1128 2308 1205 2364 enirn
1222 2309 1267 2363 bic
1279 2309 1314 2364 dc
1328 2309 1422 2364 metha
1443 2311 1566 2365 attactis
1586 2300 1785 2365 bencdictione
1807 2311 1835 2365 in
1852 2311 1930 2365 altari.

1129 2380 1192 2433 llaec
1207 2386 1301 2435 autem
1319 2382 1412 2445 rerba,
1427 2382 1470 2434 Ad
1487 2390 1645 2449 mysterium
1661 2384 1818 2449 infantiam,
1842 2381 1932 2453 signill-

1127 2455 1195 2505 cant
1209 2452 1273 2506 idea
1288 2469 1303 2506 a
1316 2452 1464 2522 baptizatis
1475 2453 1689 2521 degustandum
1703 2470 1765 2508 csse
1779 2452 1821 2507 lac
1837 2457 1863 2508 ct
1875 2451 1931 2513 mel,

1127 2523 1201 2591 quod
1213 2523 1412 2592 perbeatisina
1425 2526 1502 2578 cirini
1518 2525 1609 2594 posita
1624 2524 1737 2579 malitia
1749 2525 1933 2578 debeantsem·

1128 2609 1178 2716 per
1190 2593 1345 2649 infantiam
1361 2594 1575 2664 simplicitatem
1591 2611 1718 2650 serrare.
1728 2595 1789 2650 atie
1803 2594 1869 2649 ratio
1883 2610 1933 2675 pro·

1140 2667 1218 2718 ertur
1236 2664 1264 2719 in
1280 2665 1341 2734 ipsa
1356 2666 1562 2731 benedictione,
1592 2667 1671 2736 quia,
1692 2664 1835 2737 baptizati,
1850 2666 1933 2720 rehcto

1126 2735 1256 2804 AEgppto,
1273 2736 1300 2789 id
1314 2741 1357 2790 est
1369 2737 1484 2801 saeculo,
1513 2737 1716 2808 ingrediuntur
1744 2737 1773 2791 in
1789 2735 1933 2799 Ecclesiam,

1127 2811 1233 2860 terram
1249 2806 1334 2861 melle
1348 2807 1459 2863 etluctc
1474 2813 1654 2876 manantem,
1670 2809 1699 2864 id
1712 2813 1755 2863 cst
1765 2805 1935 2862 omnibusde·

1127 2876 1197 2932 liciis
1212 2878 1385 2948 spiritalibus
1400 2878 1577 2935 affluentem.

1162 2948 1224 3002 339.
1243 2948 1334 3019 Neque
1347 2950 1501 3019 apausltei.
1527 2952 1570 3004 lta
1594 2951 1673 3021 apud
1696 2949 1854 3005 alcuinum.
1875 2949 1936 3003 Nota

1127 3036 1194 3074 vero
1210 3019 1357 3074 nullashic
1371 3037 1433 3075 esse
1455 3022 1602 3092 Vesperas,
1629 3021 1873 3092 quemadmodum
1894 3033 1935 3073 nec

1090 3105 1112 3165 ρ
1128 3089 1155 3144 in
1171 3090 1314 3145 codicibus
1327 3092 1452 3146 Rodradi
1467 3097 1496 3146 et
1514 3093 1681 3157 Rhemansi,
1705 3093 1790 3165 juxta
1804 3090 1937 3161 antiquam

1128 3178 1237 3216 morem
1253 3163 1354 3231 dequo
1368 3163 1503 3218 alcuinus
1517 3180 1578 3233 cap.
1590 3164 1624 3220 de
1636 3165 1768 3219 Sabbata
1779 3163 1894 3218 Sancta:
1909 3161 1937 3214 tr

1127 3232 1259 3287 hmaocte
1280 3233 1312 3287 dr
1336 3234 1514 3301 vespertinali
1541 3237 1641 3306 agnoui
1661 3235 1736 3307 apud
1767 3234 1888 3289 Romanos
1903 3230 1937 3284 ait

1126 3308 1221 3373 agitur
1239 3321 1319 3375 neque
1333 3312 1398 3359 ante
1412 3305 1532 3367 Μένωνι,
1548 3323 1629 3377 ireque
1651 3314 1713 3377 post
1729 3306 1849 3368 Missam,
1872 3305 1938 3375 quia.

1125 3374 1268 3429 secundum
1283 3376 1464 3445 augustinum
1479 3383 1504 3430 et
1522 3378 1590 3430 alias
1608 3377 1743 3441 doctores,
1773 3376 1845 3431 istud
1856 3373 1939 3428 Salla-

1126 3453 1184 3500 tum
1197 3462 1250 3499 aaa
1264 3446 1338 3501 hahet
1353 3463 1490 3517 vesperam
1516 3449 1649 3519 Reperire
1669 3454 1717 3504 est
1733 3454 1831 3502 tamen
1847 3446 1873 3499 ia
1896 3444 1938 3497 Ga·

1126 3517 1187 3571 dice
1209 3517 1321 3572 ltatotdi
1346 3518 1467 3582 abbatis,
1485 3518 1513 3572 ia
1542 3535 1598 3590 quo
1629 3525 1694 3588 post
1724 3517 1940 3574 Benedictioaem

1126 3588 1316 3659 episcopatem
1339 3587 1379 3642 sic
1393 3591 1514 3644 habetur
1530 3610 1536 3646 :
1555 3590 1672 3645 iuterim
1687 3592 1753 3645 dam
1781 3585 1940 3644 communicat

1125 3660 1249 3740 populus,
1265 3660 1372 3714 inchoat
1399 3668 1495 3714 cantor
1509 3660 1640 3716 alleluia.
1668 3662 1747 3717 Psal.
1759 3660 1882 3716 Laudatc
1894 3657 1941 3711 hn-

1126 3747 1249 3797 mmum,
1261 3746 1361 3785 ornnes
1372 3736 1482 3799 gentes.
1497 3731 1610 3802 Antiph.
1625 3732 1662 3786 ad
1672 3731 1853 3803 Euangelium
1865 3747 1873 3783 :
1887 3728 1943 3782 Ver

1126 3818 1192 3871 pere
1208 3806 1314 3857 autem.
1333 3802 1411 3857 Psal.
1428 3802 1601 3874 Magnificat.
1615 3804 1678 3858 Post
1692 3804 1806 3858 messer
1824 3799 1943 3871 atepimo·

1126 3888 1178 3942 pus
1193 3871 1223 3925 ele
1233 3873 1290 3927 sede
1304 3889 1364 3937 suo,
1377 3881 1476 3943 pergat
1495 3873 1682 3938 adulterari
1699 3876 1777 3929 dicat
1796 3820 1942 3928 lotham:

1127 3942 1265 4013 Spiritum
1280 3944 1371 4007 nobis,
1390 3944 1520 4005 Domine,
1538 3950 1592 3999 tam
1607 3946 1763 4001 charitatis
1785 3943 1907 4005 intende,
1919 3941 1945 3992 at

1126 4031 1197 4084 quos
1209 4014 1396 4069 sacramentis
1411 4015 1592 4085 paschalibus
1607 4016 1730 4075 satiasti.
1741 4020 1791 4072 tua
1806 4010 1945 4082 iaciaspic·

1126 4089 1185 4140 tata
1195 4086 1360 4141 concordes.
1376 4086 1430 4140 t’er
1443 4086 1607 4141 homiuum.
1620 4088 1658 4142 Et
1674 4095 1735 4159 post
1751 4088 1809 4142 hec
1821 4086 1886 4140 dicit
1895 4083 1945 4137 dia·

1125 4172 1223 4211 conus:
1240 4157 1290 4219 lte,
1306 4157 1388 4211 Missa
1404 4162 1456 4212 est.

1161 4228 1222 4282 3411.
1243 4229 1278 4283 Iu
1302 4228 1345 4281 die
1366 4235 1457 4282 saneto
1481 4229 1596 4283 Paralia.
1628 4229 1803 4300 Appellatur
1829 4230 1947 4282 anuum

1126 4299 1237 4354 Pascha
1251 4301 1287 4353 ab
1300 4298 1355 4353 diei
1371 4299 1562 4355 reverentiam
1578 4315 1585 4359 ς
1623 4317 1659 4355 ua
1675 4302 1713 4356 dc
1728 4316 1759 4356 rc
1774 4297 1889 4355 consule
1907 4294 1948 4349 ab

1124 4370 1300 4424 sacrationes
1319 4371 1475 4425 nostrasad
1492 4373 1585 4425 tionco
1623 4372 1683 4426 iam
1699 4370 1878 4442 regularum,
1891 4381 1947 4434 cap.

244 4433 309 4516 cau
325 4432 633 4519 R⁰¹h0133³af³⁰⁵i³t¹¹¹d
650 4431 816 4486 oeueneum
832 4431 967 4495 vitatem,
987 4429 1036 4485 tib.
1053 4448 1070 4484 ν
1087 4462 1108 4521 0
1124 4441 1169 4498 aa.
1185 4441 1234 4503 si.
1253 4443 1283 4496 in
1300 4441 1369 4495 coa.
1389 4440 1499 4496 naiores
1520 4441 1566 4496 aa
1595 4442 1721 4497 neaerae
1742 4441 1832 4497 Missa
1848 4440 1950 4509 inape

244 4506 315 4563 uisi.
332 4504 401 4559 eccl.
419 4505 567 4574 brqmdem
597 4519 749 4569 parasceve
774 4508 802 4557 et
825 4502 949 4584 Sabbata
965 4502 1070 4583 hebdo·
1125 4511 1267 4593 paschatis
1279 4528 1343 4566 cum
1357 4512 1415 4566 suis
1437 4512 1538 4568 ritibus
1556 4517 1584 4567 et
1599 4513 1799 4577 eaeremoniis,
1818 4522 1949 4583 quamse-

244 4578 340 4631 Isshtlffl
354 4581 459 4630 suuctae
476 4590 531 4628 [101]
557 4574 718 4629 celebratur
741 4576 906 4644 Golporlsel
921 4589 1069 4643 sanguinus
1121 4582 1238 4655 Jicimus
1254 4584 1281 4637 in
1298 4584 1497 4653 appendicem,

244 4647 347 4701 Christi
364 4651 587 4709 sacramentum,
605 4650 636 4699 ut
653 4646 811 4700 docctarin
836 4642 1069 4699 eodeincaacilio
1160 4654 1221 4708 351,
1244 4653 1299 4719 Qui
1327 4654 1340 4695 b
1369 4661 1478 4708 moriem
1502 4662 1622 4709 „meram
1641 4655 1789 4710 marimo
1814 4648 1949 4710 metrorii,

245 4735 278 4775 cs
294 4718 366 4773 libro
377 4717 513 4773 Olficialis
528 4733 534 4772 :
549 4717 654 4771 Narrat
671 4715 740 4769 liber
754 4714 972 4796 Offici'alisquod
984 4714 1070 4769 inhac

245 4789 388 4843 biduenon
411 4789 441 4859 fit
464 4788 627 4843 sacramenti
653 4786 804 4842 celebratio.
830 4786 1007 4841 Vacataatem
1023 4785 1069 4840 hoo

245 4859 357 4915 triduam
374 4867 475 4914 sextam
488 4860 590 4926 seriam
609 4865 634 4913 ct
645 4857 802 4921 Sabbatum,
828 4858 918 4927 inquo
936 4857 1069 4911 recolitur

246 4932 368 4987 lactaret
393 4931 520 4985 arastitia
550 4929 740 5000 apostoloram.
767 4929 849 4983 Liber
875 4927 1070 4983 Olhcialiscst

244 5002 480 5073 Antiphouarius,
498 5000 634 5072 111388
650 4999 912 5071 docethgobardus
931 4998 1013 5070 epist.
1031 5000 1069 5053 ad

244 5080 376 5130 cantores
392 5074 518 5145 lugdun.

279 5163 342 5217 338.
358 5164 420 5217 aaa
434 5168 545 5216 cautam
565 5160 752 5230 offertorium.
772 5158 907 5214 alcuinus
925 5157 1068 5213 rationem

244 5233 411 5304 radditcap.
428 5233 516 5288 citato
529 5249 536 5286 :
551 5231 626 5298 Quod
643 5239 736 5285 autem
746 5237 802 5301 post
830 5228 1002 5300 Evangeliam
1019 5246 1070 5283 uon

242 5312 371 5363 marmur
389 5303 544 5374 offerenda,
559 5310 583 5357 et
597 5309 719 5357 cantores
741 5309 858 5372 tempore
884 5300 1015 5372 sacrificii
1034 5301 1071 5354 si·

279 5495 293 5525 ⁸
308 5482 434 5552 Hymnus
447 5481 492 5535 hic
507 5478 663 5545 angelicus.
689 5484 720 5534 ut
744 5479 824 5533 modo
839 5479 954 5543 canitur,
972 5478 1071 5549 legitur

244 5552 619 5617 integerinSam-arnantariu
644 5550 785 5605 Galicano
814 5550 899 5604 Masei
933 5549 1016 5603 italici
1040 5554 1070 5606 u.

245 5624 270 5679 l.
287 5622 449 5687 hlalrillonii,
466 5630 538 5677 tour.
553 5623 572 5680 1.
591 5629 665 5691 perte
680 5627 706 5685 *2,
723 5620 777 5675 col.
795 5622 858 5676 eut.

281 5693 374 5747 bitae
409 5693 536 5748 Praelatio
564 5694 645 5759 louge
674 5691 804 5764 prolixior
838 5700 880 5746 est
905 5691 933 5745 in
961 5690 1070 5745 duobus

247 5762 353 5817 Thcod.
386 5770 413 5818 ct
435 5765 546 5819 omnino
578 5763 742 5837 discrepata
768 5761 931 5818 Praelatione
959 5761 1070 5817 Sabbuti

1124 4728 1177 4779 ete.
1190 4726 1278 4779 Morte
1290 4724 1394 4782 Christi
1411 4741 1488 4780 mors
1504 4730 1602 4780 nostra
1624 4727 1779 4781 destructa
1803 4730 1857 4785 est,
1874 4726 1902 4777 et
1915 4734 1950 4774 re·

1124 4796 1368 4851 surrectionevita
1394 4800 1524 4865 reparata
1549 4802 1600 4852 est.
1631 4796 1789 4869 corippus,
1807 4795 1861 4851 lib.
1884 4809 1909 4851 ιν
1922 4791 1952 4845 dc

1125 4866 1380 4922 Laudibualustini
1397 4866 1541 4922 minoris:

1125 4957 1214 5074 389
1225 4955 1464 5005 Cale-aeitmortem
1492 4956 1617 5015 moriens,
1639 4957 1786 5020 vitamque
1818 4963 1953 5018 resurgens

1207 5028 1244 5076 ita
1258 5027 1331 5076 dedit
1345 5028 1448 5076 canetis
1465 5030 1492 5076 in
1509 5041 1537 5076 se
1554 5027 1734 5078 credentibus
1750 5030 1820 5093 ipsc.

1124 5106 1158 5163 Et
1173 5108 1307 5179 preclare
1323 5107 1479 5171 tianodius,
1496 5107 1601 5178 hymno
1616 5109 1633 5162 7
1648 5124 1654 5163 ε

1310 5187 1418 5235 Nacavit
1433 5192 1494 5236 ante
1506 5186 1609 5241 lunera,

1310 5248 1424 5297 Lethum
1433 5249 1553 5313 sepultus
1566 5249 1678 5315 expulit,

1310 5311 1382 5360 blora
1397 5318 1490 5362 mortis
1503 5313 1620 5376 impulsu
1638 5313 1704 5370 ruit,

1126 5477 1293 5535 Contestatio
1306 5496 1353 5533 sea
1369 5478 1495 5534 Praelatio
1510 5496 1570 5551 qna
1585 5496 1634 5552 pro
1650 5479 1698 5535 dic
1719 5487 1831 5536 sanetae
1846 5478 1958 5535 Paschae

1126 5549 1152 5603 in
1167 5549 1386 5604 Sacramentaria
1411 5549 1498 5605 Gallie
1535 5555 1590 5605 tam
1604 5567 1678 5623 saepe
1705 5551 1822 5607 lentato
1839 5548 1958 5619 assigna·

1128 5627 1183 5682 tur,
1197 5628 1235 5675 est
1250 5621 1330 5675 etiaim
1361 5623 1471 5675 omnino
1485 5621 1593 5677 diversa
1606 5623 1639 5677 ab
1650 5622 1753 5680 editis.
1768 5624 1825 5678 Pro
1840 5620 1958 5675 Sabbata

1126 5698 1299 5747 sanctorem
1318 5692 1477 5763 praescripta
1503 5694 1597 5749 eadem
1622 5693 1687 5751 insa
1714 5702 1762 5749 est
1795 5710 1859 5766 quea
1886 5689 1960 5746 modu

1125 5763 1243 5835 legitur:
1263 5763 1298 5819 Te
1310 5764 1429 5835 qualem,
1456 5764 1577 5827 domine,
1593 5765 1671 5820 omui
1686 5768 1788 5838 terrm,
1801 5762 1850 5821 sed
1863 5765 1893 5821 in
1916 5761 1962 5817 hac

249 5833 348 5897 sancti,
362 5835 441 5907 cujus
462 5836 571 5893 initium
595 5838 704 5892 tantum
731 5832 875 5908 reperitur·
890 5832 1071 5906 involgata.
1122 5834 1355 5919 potiraaoctepl.
1372 5834 1677 5908 praeeminemus
1709 5840 1860 5913 nostrum,
1875 5842 1927 5895 alc.
