4034 6180
218 246 277 316 rar
599 252 638 318 ιιι
659 255 690 318 s.
713 253 894 319 cnuconn
910 194 1053 315 amnon
1072 245 1404 315 sncnnnnnrosuu
1425 244 1544 313 norm.
1859 248 1913 315 sss

216 388 249 441 ut
271 400 287 441 e
308 382 428 456 iscopus,
456 387 613 457 numqaum
638 385 846 443 Eucharistinm
873 384 1040 459 perciperet,
1058 381 1081 444 Α
1098 379 1253 464 positiones
1263 380 1461 464 appellentur:
1474 379 1583 437 Placuit
1591 375 1807 463 emortuum
1814 396 1915 463 praem

217 400 357 529 popuOum
365 456 545 514 benediceret
558 457 730 528 quibusdam
744 459 888 528 conceptis
901 454 1040 541 precatio·
1096 453 1145 535 ιιι.
1154 454 1307 535 matures,
1318 452 1361 507 uel
1372 454 1480 537 dinsa..
1491 468 1557 524 qum
1566 449 1690 523 probate
1695 451 1845 534 [necantur
1855 468 1916 508 ron·

217 527 309 596 nibus,
322 531 354 582 ut
364 526 392 582 in
401 532 461 582 toto
473 528 526 584 hoc
537 530 787 585 sacramentorum
799 530 872 586 libro
884 529 977 584 videre
986 530 1040 581 cst.
1095 525 1170 589 culm,
1184 540 1244 580 nne
1257 522 1779 590 Praefationessmecommendationes,
1792 539 1918 581 ueremu-

217 614 328 655 necnon
343 598 372 652 in
397 599 545 655 codicibus
563 600 701 656 Bodrsdi.
734 601 851 666 illrum„
884 597 997 654 Batoldi
1013 600 1040 652 et
1095 611 1181 649 nuum
1197 596 1379 665 impositiones
1394 596 1429 652 ab
1444 595 1568 651 omnibus
1579 594 1766 650 celebrentur.
1783 596 1839 650 Nec
1856 595 1918 651 istas

125 676 128 683 ’
180 667 339 733 ’ΤίΙίιιιιο,
359 671 445 751 atque
460 671 548 726 etiam
564 670 593 725 in
607 669 713 726 Ordine
727 673 866 735 Romano,
881 672 954 727 sicat
967 673 997 725 et
1012 669 1040 722 in
1095 665 1292 748 impositiones
1307 668 1344 721 ad
1360 668 1530 749 poeniteutes
1543 668 1683 747 spectant,
1706 664 1809 789 Ἱιιιδιιι
1829 665 1918 721 etiem

216 739 305 795 reteri
322 740 479 796 Pontificali
508 740 639 797 Romano
663 741 794 797 dedicato
817 742 903 800 Leoni
917 742 939 797 lt
955 743 1036 812 pont.
1094 738 1317 807 imponebantur
1325 741 1513 793 mnnusrnler
1528 739 1676 792 Missurum
1684 752 1716 791 so
1728 751 1836 817 emnia.
1845 738 1920 792 Cum

215 810 352 877 Maximo,
368 810 395 866 in
411 811 513 882 quibus
526 812 663 882 plurimas
679 814 894 870 Benedictioncs
917 811 1040 883 reperire
1095 824 1161 863 vero
1177 807 1222 863 bic
1232 814 1334 880 agatur
1344 807 1596 879 deprecationibus
1606 824 1668 877 quae
1680 807 1719 888 ad
1730 807 1844 888 blissarn
1857 824 1920 890 per·

217 885 260 937 est
271 890 282 945 3*
294 887 461 952 constatque
472 899 505 937 ex
517 888 617 938 sancto
639 885 798 954 Augustino
822 901 888 940 mox
912 884 1038 945 citando,
1094 879 1196 943 tinent,
1214 880 1249 935 dc
1259 895 1381 950 quarum
1398 883 1597 935 numerarunt
1611 878 1920 952 BenedictroueseJus·

217 955 246 1006 et
259 968 294 1007 ex
310 954 466 1022 lisymone,
480 953 507 1008 iu
522 971 584 1024 cap.
609 970 627 1009 n
654 955 740 1025 Bpist.
756 957 765 1010 l
781 956 818 1011 ad
837 955 1038 1011 Timotheum:
1095 949 1172 1004 modi
1188 949 1386 1031 impositiones
1398 966 1534 1032 manuum
1549 949 1642 1019 potius
1653 949 1828 1032 explicandae
1849 952 1920 1032 sunt

217 1022 1040 1095 PostulatumessnntBenedictionesepiscopalesqnosdi·
1094 1022 1130 1076 de
1141 1022 1281 1090 eiusmodi
1290 1021 1535 1078 Benedictionrbns
1543 1037 1631 1091 quam
1642 1022 1677 1076 de
1687 1022 1920 1090 rmposrtronrbus

217 1094 1041 1163 citepiscopsusuueruoputum,inuocansnomenDrmini
1094 1092 1246 1163 quaeliunt
1273 1109 1358 1162 super
1390 1092 1562 1163 poenitentes
1589 1108 1651 1162 qnae
1674 1107 1731 1146 non
1747 1096 1814 1147 sunt
1828 1092 1921 1148 ltisse

216 1165 403 1230 scurrilium·
420 1167 506 1236 idque
517 1167 601 1238 juxta
616 1172 745 1223 mentem
775 1168 866 1224 sancti
892 1165 1040 1239 Augustini
1094 1168 1201 1235 partes,
1213 1164 1263 1219 sed
1274 1164 1347 1219 liunt
1359 1167 1472 1218 tentum
1485 1162 1685 1234 poenitentium
1704 1162 1817 1234 gratis3
1833 1161 1883 1245 qui
1895 1161 1919 1244 si

216 1251 285 1290 snos
294 1235 409 1291 citandi.
425 1236 543 1292 Preciae
555 1243 652 1292 autem
665 1239 789 1294 dahslur
811 1239 861 1294 illa
876 1237 1040 1296 Benedictio
1095 1250 1151 1290 non
1164 1239 1269 1299 essent,
1286 1233 1427 1308 ejusmodi
1442 1233 1671 1304 impositionibus
1699 1249 1817 1315 manum
1833 1249 1920 1315 mins·

216 1305 293 1361 dicto
304 1305 432 1362 clausula
442 1307 586 1364 Orationis
598 1310 706 1365 Libero
720 1326 783 1375 nos,
793 1325 967 1381 quesumus.
985 1311 1041 1364 Per
1094 1322 1220 1376 meopus
1234 1311 1318 1361 esset.
1335 1305 1483 1376 Ejusmodi
1497 1309 1594 1360 nutem
1606 1305 1818 1361 benedictiones
1827 1304 1920 1361 tribus

215 1378 316 1433 omnin
329 1380 436 1436 sarcula
449 1381 632 1447 secutorum,
649 1384 680 1435 ut
694 1380 802 1452 liquido
821 1385 977 1437 constater
992 1379 1042 1435 Or·
1094 1376 1225 1447 capitulis
1240 1382 1373 1432 constant
1386 1381 1415 1432 et
1429 1375 1621 1440 conclusione,
1634 1380 1665 1431 ut
1679 1376 1762 1431 docet
1775 1375 1921 1431 Honorius

216 1447 283 1503 dine
297 1450 426 1505 Romano
442 1451 486 1518 (in
500 1451 612 1505 secundo
619 1452 715 1506 ordine
731 1452 930 1522 Processionis)
941 1469 949 1504 :
961 1451 1039 1505 Cum·
1095 1447 1361 1530 discustodunensis
1371 1446 1399 1503 in
1414 1448 1544 1503 Gemma.
1562 1446 1737 1514 Quodstiam
1754 1447 1922 1503 circumest

232 1520 409 1590 ueepiscopus
417 1521 503 1576 Pater
512 1529 602 1578 noster
615 1522 731 1587 inierit,
745 1521 1041 1594 occipiensorcbisub·
1094 1535 1128 1574 ex
1143 1518 1274 1589 rpsismet
1283 1518 1540 1584 benedictionibus,
1560 1535 1632 1590 quas
1650 1517 1745 1573 videre
1755 1521 1799 1573 est
1822 1517 1852 1573 iu
1864 1517 1922 1573 hoc

213 1534 347 1644 gneum
359 1597 487 1661 putenam
509 1591 542 1646 ub
556 1592 686 1663 Accipio,
702 1595 800 1662 offerat
824 1610 884 1650 eum
898 1592 1040 1650 urcbidin·
1094 1589 1184 1645 sencti
1200 1588 1280 1660 Bligii
1295 1589 1408 1659 Codice,
1432 1595 1461 1645 et
1483 1588 1513 1644 in
1529 1589 1678 1645 Codicibus
1693 1588 1806 1651 libem..
1824 1589 1916 1646 itcdr.

215 1662 504 1728 eonattteoatcmut
513 1664 653 1734 episcopus
660 1665 734 1719 dicit
744 1665 927 1736 Dupropitius
936 1679 1037 1734 potera,
1094 1664 1123 1715 et
1137 1659 1243 1724 ustor,
1261 1664 1346 1731 atque
1358 1661 1447 1716 etism
1461 1661 1536 1731 apud
1547 1660 1714 1715 Panaetium.
1725 1658 1923 1714 Nihilominus

212 1732 1039 1806 putenamittioccommoduns,tumsrumcjusosculetnrnto·
1053 1736 1076 1795 Β
1094 1736 1191 1787 tamen
1205 1730 1234 1787 in
1244 1731 1306 1787 cod.
1320 1730 1434 1787 Ratoldi
1449 1732 1581 1802 quedem
1597 1747 1691 1802 peuce
1705 1736 1828 1802 quatuor
1842 1729 1923 1802 capi·

215 1803 317 1873 timque
330 1803 453 1875 episcopo
462 1804 565 1859 dicente
573 1805 629 1861 Per
639 1807 734 1860 omnia
742 1810 845 1862 secuto
857 1808 1036 1870 secutmum,
1091 1802 1218 1858 talorum
1229 1802 1419 1874 reperiuntur.
1704 1871 1710 1883 Ι

213 1874 333 1943 occipiat
350 1874 604 1930 Benedictionutem
615 1876 737 1941 tibrum,
751 1884 777 1932 ct
793 1894 936 1933 conuersus
950 1876 986 1931 nd
996 1894 1040 1947 po·
1131 1873 1178 1928 Est
1187 1873 1274 1929 etiam
1288 1873 1345 1929 ulia
1359 1872 1597 1943 Benedictic,quae
1606 1871 1691 1928 datur
1703 1888 1732 1926 ιιι
1745 1872 1802 1928 line
1813 1871 1921 1938 blisum,

213 1945 311 2014 pulum
338 1943 412 1999 dicat
430 1960 442 2000 .·
462 1947 620 2004 Humiiiute
637 1964 681 2003 cos
704 1947 739 2002 cd
767 1948 995 2011 Benedictionem,
1015 1954 1039 2003 et
1093 1944 1128 1999 de
1140 1961 1198 2015 qua
1211 1944 1364 1999 concilium
1376 1944 1549 2016 Agatbense,
1560 1960 1624 1999 cen.
1636 1944 1688 1998 il:
1705 1944 1804 1998 Missos
1813 1943 1923 1999 dieOo-

213 2015 288 2069 clero
301 2019 481 2085 respondente
507 2017 557 2072 Oeo
567 2019 692 2143 gratias.
718 2020 840 2090 porripot
867 2019 991 2089 episcopo
1005 2020 1028 2078 li
1092 2016 1404 2072 minimasecuiuribus
1419 2022 1489 2071 totas
1502 2015 1592 2071 teneri
1610 2014 1725 2085 speciali
1738 2014 1924 2071 ordinantibus

217 2086 307 2142 trum.
325 2087 445 2156 [inpleto
459 2092 551 2142 autem
590 2090 888 2155 enedictione,ueniens
897 2092 1041 2160 presbyter
1090 2087 1323 2158 mempimmmo
1333 2093 1363 2141 ut
1371 2093 1436 2141 unte
1446 2085 1924 2156 Benedictionemsocerdotispopu·

171 2160 174 2164 '
215 2157 333 2223 accipiat
349 2156 570 2214 benedictionem
587 2160 622 2215 ub
640 2162 769 2231 episcopo.
786 2162 864 2217 idern
887 2161 983 2216 ridere
997 2165 1040 2216 est
1093 2159 1139 2213 tus
1153 2158 1250 2228 epcedi
1260 2175 1312 2213 non
1324 2163 1485 2228 presumat.
1503 2160 1575 2213 Nam
1585 2156 1609 2210 si
1618 2155 1845 2236 haecBenedictio
1859 2172 1923 2212 non

215 2226 245 2283 in
262 2227 348 2281 Missa
360 2227 488 2283 Pascbali
504 2229 614 2286 Codicis
633 2230 762 2286 Ratoldi:
778 2232 842 2287 Post
866 2234 1040 2287 Domimcam
1093 2227 1921 2293 dareturinfinellissae‚sedanteCommunionem‚tlladsts,

217 2297 374 2354 Orationem
386 2298 449 2354 dum
457 2300 587 2367 finierint
596 2301 698 2357 Libera
712 2317 789 2357 noca
801 2302 885 2366 muto,
896 2309 1040 2358 annuente
1094 2297 1177 2370 popul
1183 2316 1215 2354 us
1223 2300 1373 2367 egrediens
1385 2316 1440 2355 non
1453 2298 1604 2355 interesset
1613 2297 1732 2370 integrm
1740 2299 1840 2380 biissus,
1850 2298 1924 2370 quie

215 2367 349 2437 musano,
364 2368 438 2423 ducat
462 2370 617 2428 diaconus:
632 2372 782 2429 Humitiute
802 2389 847 2429 uos
870 2373 904 2428 od
923 2374 1038 2429 Benedi·
1093 2375 1161 2426 ante
1175 2370 1598 2435 eommunionemdiscedorem
1612 2369 1689 2425 etita
1699 2386 1733 2424 cn
1753 2370 1840 2424 sends
1850 2376 1925 2425 sunt

215 2439 346 2497 clunem.
361 2444 387 2493 ct
398 2442 516 2508 populus
534 2458 604 2511 resp.
629 2443 683 2499 Oec
701 2446 824 2514 prutina.
845 2444 882 2499 Bt
896 2447 1039 2515 episcopus
1093 2441 1179 2496 verbs
1204 2441 1295 2496 sancti
1313 2441 1427 2497 cesarii
1451 2440 1634 2503 Arelatensis,
1661 2387 1751 2522 293
1770 2439 1818 2512 qui
1840 2440 1922 2496 dicto

215 2508 287 2563 dicut
302 2508 373 2564 bunc
386 2511 621 2569 Benedictionem:
638 2513 784 2570 Benedicat
797 2530 853 2579 uos,
869 2519 920 2571 etc.
940 2517 972 2570 Et
998 2517 1041 2569 in·
1093 2511 1213 2567 concilio
1228 2511 1352 2582 prefuit,
1368 2511 1468 2567 homil.
1485 2511 1519 2567 12
1534 2528 1541 2566 ε
1559 2512 1628 2567 Idea
1639 2526 1686 2582 qut
1699 2511 1757 2566 cult
1771 2511 1923 2567 Missusud

215 2578 249 2634 de
259 2581 512 2652 occipienspurtem
527 2584 650 2652 corporis
667 2586 790 2647 Domini,
802 2585 878 2642 dicat
889 2601 901 2642 .·
913 2587 974 2641 Pus
988 2586 1040 2640 Do-
1093 2584 1233 2655 inteprum
1246 2599 1307 2638 cum
1323 2585 1402 2639 tucro
1416 2583 1516 2639 anime
1529 2599 1543 2637 ι
1554 2598 1587 2639 ne
1608 2582 1764 2648 celebrare,
1780 2598 1923 2653 usquequo

215 2651 286 2705 mini
297 2653 335 2706 sit
348 2667 457 2722 semper
471 2653 614 2711 uobiscum.
632 2656 720 2728 296
737 2657 787 2712 Ubi
799 2655 860 2713 bec
870 2658 965 2722 rerba,
976 2658 1040 2712 dum
1094 2654 1194 2711 Oratio
1209 2654 1347 2710 Dominicu
1359 2654 1485 2719 dicutur,
1501 2661 1528 2709 et
1537 2653 1699 2710 Benedictio
1707 2654 1803 2724 copulo
1813 2653 1918 2718 detur,

213 2721 341 2792 finierint
352 2721 454 2780 Libero
467 2739 515 2779 nos
531 2742 548 2779 o
573 2727 656 2789 moto,
679 2743 735 2782 nou
756 2727 797 2783 ita
811 2729 953 2784 sumenda
974 2731 1041 2783 sunt
1093 2725 1235 2781 tramittam
1247 2741 1359 2796 colpum
1372 2731 1399 2780 et
1414 2740 1471 2781 com
1491 2731 1572 2779 uncto
1585 2724 1665 2780 corde
1684 2724 1761 2779 debet
1774 2740 1801 2779 sa
1825 2725 1854 2778 in
1865 2724 1926 2779 Bs-

215 2792 298 2863 quasi
327 2793 444 2862 praecise
468 2794 512 2850 bis
531 2796 613 2852 dictis
630 2796 780 2854 benedicat
803 2798 961 2869 episcopus,
989 2799 1039 2855 sed
1093 2796 1179 2851 etesia
1192 2796 1344 2853 continere.
1354 2795 1458 2851 Wsliri
1482 2794 1641 2851 nsStrsbo.
1656 2812 1721 2865 cap.
1745 2795 1779 2850 ΖΞ
1808 2794 1861 2850 lib.
1882 2796 1922 2852 de

215 2878 280 2933 qum
294 2868 453 2933 sequuntur
462 2867 661 2925 subaudienda
671 2874 748 2932 sunt,
763 2870 897 2939 usquead
912 2870 976 2925 Pus*
988 2871 1040 2925 Do·
1094 2866 1188 2923 liebus
1213 2866 1421 2929 ecciesiasticis,
1439 2866 1534 2922 locum
1560 2866 1683 2932 concilii,
1697 2868 1773 2937 quod
1788 2866 1922 2922 Aurelia·

214 2933 285 2989 mini
296 2935 445 3007 sitscmper
457 2938 604 2993 nobiscnm.
621 2940 661 2994 lta
672 2939 759 2995 etism
773 2939 800 2994 in
813 2939 973 2995 Pontificali
985 2957 1038 2995 ms.
1095 2953 1182 2993 nense
1191 2937 1323 2993 nominat
1332 2954 1383 3008 pro
1391 2936 1557 3008 Agatheam,
1571 2936 1693 3007 explicat
1707 2938 1742 2992 de
1758 2936 1860 2992 ultime
1870 2952 1922 2992 sa·

215 3003 288 3063 Eccl.
304 3004 546 3078 Botbomngensis
567 3008 646 3065 leriae
659 3010 676 3064 5
691 3009 718 3065 in
735 3015 822 3065 Coena
836 3010 951 3066 Domini
968 3030 974 3068 :
993 3011 1041 3065 Li·
1094 3007 1217 3064 cerdotis
1243 3008 1389 3070 Oratione,
1419 3024 1505 3078 quam
1527 3007 1751 3078 supradiximus
1778 3007 1921 3078 appellari

216 3075 281 3131 tero
293 3091 353 3141 nos,
365 3081 418 3133 etc.
430 3078 485 3132 Per
497 3084 591 3135 omnia
613 3081 722 3136 sucula
737 3081 914 3138 seculorum.
932 3084 1034 3138 Amen.
1053 3093 1076 3149 ι’,
1095 3079 1259 3134 Orationem
1272 3081 1309 3135 sd
1323 3078 1531 3149 uomptenoum
1548 3096 1554 3133 :
1569 3078 1708 3134 Statutum
1729 3085 1769 3134 est
1792 3079 1922 3134 Aureliu-

217 3146 290 3201 Tuuc
301 3147 378 3202 dicut
388 3148 700 3206 ntocmassttumttme
710 3152 795 3207 cosad
808 3153 1038 3209 Benedictionem.
1093 3151 1339 3207 nensiconcitinut
1347 3149 1920 3221 populusuntebenedictionemsucerdotis

216 3216 325 3286 Btepia
375 3235 408 3273 us
421 3236 514 3275 tersus
529 3221 658 3291 poputum
669 3223 915 3279 ermemmarus
930 3240 1039 3278 conom-
1093 3237 1147 3275 non
1166 3220 1328 3291 eprediotur
1341 3220 1375 3275 de
1391 3221 1488 3277 Missa.
1505 3220 1571 3286 Ouae
1585 3219 1922 3291 benedictiointetiipitur

101 3289 105 3295 ’
215 3288 341 3354 nipotenr
382 3289 569 3355 ominus,etc.
586 3293 665 3348 idem
679 3293 843 3349 clarumesl
857 3294 988 3350 exilisse
1002 3295 1039 3349 nb
1092 3290 1145 3347 ilio
1163 3292 1428 3349 ultimusucerdotis
1443 3291 1546 3353 Oratio,
1564 3292 1599 3346 dc
1614 3290 1920 3362 qusnimirnmsnpra

214 3357 512 3428 lllyricoeditszilon
530 3363 627 3419 mittut
640 3365 780 3435 spiscopus
799 3365 959 3421 incuterem
972 3380 1039 3436 par-
1091 3361 1385 3424 locutusest,eodem
1402 3361 1651 3432 capmmstnrius.
1669 3361 1707 3417 lib
1738 3378 1768 3417 ιιι
1781 3363 1817 3418 dc
1836 3361 1919 3441 Old·

215 3428 439 3493 emotionem
489 3432 608 3503 csbyteri
629 3435 718 3491 soient
728 3450 739 3492 .·
756 3435 800 3489 sed
828 3442 970 3506 exspectet.
994 3435 1039 3491 do·
1091 3433 1143 3489 ciis
1155 3433 1235 3501 cccl,
1250 3450 1315 3504 cep.
1343 3433 1378 3488 36
1392 3433 1453 3504 egit
1467 3433 1501 3488 de
1517 3432 1571 3487 bac
1584 3432 1686 3488 ultima
1701 3432 1917 3496 Benedictrone,

214 3514 265 3553 nec
275 3499 359 3569 finita
368 3449 1039 3575 amffinumepumpmcommunicandum,·
1092 3506 1142 3560 sed
1157 3504 1258 3575 quibus
1273 3503 1366 3560 verbis
1377 3504 1426 3558 ilat
1441 3519 1496 3558 non
1511 3502 1639 3558 declarat
1655 3505 1866 3559 :lluncmorcm
1877 3510 1922 3560 te-

214 3576 241 3626 et
256 3574 322 3627 tunc
333 3572 473 3643 accipiens
484 3581 685 3647 partemqnum
691 3586 776 3633 unua
783 3577 917 3650 freernai,
933 3586 1039 3634 uncus-
1093 3584 1138 3630 net
1153 3574 1296 3643 sacerdos,
1309 3580 1341 3630 ut
1352 3581 1410 3646 pout
1421 3575 1514 3630 omniu
1528 3582 1703 3630 comanente
1727 3580 1921 3630 consummata

214 3656 361 3725 pnesuper
374 3644 499 3711 culicem,
516 3645 671 3703 immittens
680 3648 775 3704 diceus
785 3665 794 3702 :
804 3649 891 3706 Sacri
897 3649 1039 3720 surpuinis
1093 3646 1238 3702 benedicat
1251 3645 1357 3716 populo,
1373 3653 1456 3715 atque
1466 3646 1582 3701 salutet.
1602 3645 1709 3703 Deinde
1718 3645 1866 3700 reuertitur
1878 3645 1922 3700 ud

214 3713 381 3778 commistio,
398 3719 456 3772 etc.
1093 3717 1232 3773 Orientem
1239 3721 1270 3770 nt
1277 3733 1307 3772 se
1314 3717 1483 3772 commendet
1493 3715 1921 3786 OominiAscensionidicitpue

251 3786 288 3837 nt
306 3784 334 3839 in
358 3785 493 3857 Hispania
514 3786 637 3843 dabatur
660 3786 722 3844 hmc
742 3788 905 3845 Benedictio
923 3793 1037 3845 tentum
1091 3787 1224 3843 diaconus
1237 3804 1245 3840 :
1260 3788 1300 3841 ite
1312 3788 1399 3843 llissn
1412 3794 1465 3844 est.
1483 3788 1627 3847 Rubnnus,
1642 3786 1691 3841 lib.
1708 3805 1718 3840 ι
1745 3787 1781 3842 de
1801 3786 1920 3842 institu-

214 3858 280 3924 post
292 3856 523 3912 commistionem
538 3859 702 3929 corporiset
714 3858 906 3929 sanguinium
920 3860 1038 3929 planum
1092 3858 1170 3913 tione
1188 3857 1367 3922 clericorum,
1382 3874 1444 3926 cap.
1460 3857 1511 3912 33:
1527 3859 1594 3913 Post
1606 3857 1833 3913 communionem
1840 3873 1919 3927 erpo,

216 3928 259 3979 est
273 3940 306 3979 er
321 3924 405 3981 lllissa
423 3928 586 3983 liozarabe:
601 3928 777 3992 Liternum,
793 3944 962 4000 quesumus,
984 3930 1038 3985 Oo-
1091 3928 1316 3999 etposteiusdem
1331 3927 1680 3991 morinummontem
1691 3928 1883 3984 Benedictinne
1900 3944 1920 3982 u

132 4040 138 4051 ,
215 3996 290 4050 mine
316 3996 352 4049 Et
365 3997 503 4052 tundendo
517 4007 609 4068 pectuu
624 4000 696 4055 dicit
705 4000 809 4064 :Pone
821 4001 950 4063 Domine,
958 4001 1038 4071 finem
1090 3998 1240 4055 sacerdote
1253 3999 1294 4055 ud
1305 4000 1416 4070 plebem,
1433 4000 1570 4055 diaconus
1583 3998 1722 4068 predicat
1742 3999 1837 4055 Misce
1856 3999 1920 4082 osd-

126 4123 131 4135 ,
152 4090 157 4101 .
215 4068 345 4133 percutis.
354 4067 413 4135 Qua
423 4068 666 4135 finitomccentum
673 4072 922 4141 particulamque
929 4071 1039 4128 dicitnr
1092 4071 1168 4125 dum
1181 4085 1241 4126 esse
1250 4077 1409 4140 peractum,
1423 4070 1494 4124 dans
1504 4069 1651 4126 licentium
1663 4069 1794 4126 abeundi.
1809 4071 1846 4124 Ex
1855 4086 1919 4139 qur·

215 4139 726 4210 repruumpremicsuOratione,ponit
737 4141 1039 4211 sonereottcemmm
1092 4139 1144 4195 bns
1159 4140 1287 4201 remissi
1297 4141 1434 4196 attentius
1442 4141 1649 4210 expendantur,
1674 4140 1781 4210 liquido
1801 4145 1919 4195 consta·

215 4207 319 4263 addita
336 4208 537 4263 otioimmittit
550 4210 581 4262 s'n
592 4210 685 4266 ilium.
695 4211 828 4268 Postbcec
839 4212 928 4267 dicit:
939 4213 1038 4268 Humu·
1091 4209 1295 4266 bitltsbannm
1311 4211 1415 4267 esseio
1430 4212 1531 4268 eadem
1549 4214 1641 4266 mente
1668 4227 1733 4266 cum
1758 4210 1915 4267 Walirido.

216 4277 282 4332 licie
298 4293 346 4331 nos
357 4277 551 4334 Benedictioni
559 4298 570 4343 ;
580 4287 606 4335 et
618 4281 887 4353 certisquibusdam
898 4284 1038 4351 formulis
1092 4283 1164 4336 Nam
1180 4285 1322 4337 canticum
1339 4283 1469 4354 ejusdem
1485 4281 1611 4337 nominis
1623 4298 1688 4336 cum
1703 4281 1917 4338 communione

215 4345 468 4470 benedictifopuio.
481 4351 563 4413 Quod
580 4351 715 4407 statuitur
727 4353 755 4406 in
767 4352 887 4407 concilio
901 4354 1038 4409 Toletano
1092 4352 1162 4407 nihil
1177 4352 1254 4408 aliud
1269 4357 1312 4408 est
1326 4369 1413 4424 quam
1428 4352 1478 4407 illa
1493 4351 1657 4423 Antiphone
1679 4368 1729 4407 seu
1758 4355 1918 4422 Responsa-

214 4432 251 4485 1v‚
269 4432 332 4472 can.
371 4418 397 4472 ’1.
414 4418 469 4474 Sed
486 4427 547 4490 post
569 4421 729 4478 Orationem
749 4423 915 4479 Dominicum
938 4431 964 4480 et
978 4440 1075 4505 conl)
1092 4423 1167 4478 rium
1182 4424 1258 4494 quod
1273 4423 1375 4478 dicitur
1389 4423 1559 4479 Communia.
1576 4423 1647 4477 Cum
1663 4430 1759 4478 antem
1781 4423 1918 4478 liabenus

209 4484 382 4558 junctionem
400 4491 480 4560 ponis
506 4491 658 4558 eiecticia,
690 4493 855 4551 Benedictio
868 4495 898 4549 in
910 4496 1038 4567 populum
1092 4493 1364 4576 proximcsubjiciat
1379 4493 1611 4550 benedictionem
1637 4493 1702 4549 huic
1730 4493 1915 4563 Antiphone,

215 4573 228 4612 s
262 4564 362 4613 untur.
1092 4565 1425 4635 nonestdubrumquin
1478 4563 1745 4620 rBenedictionem
1774 4562 1918 4636 intelligat

228 4697 235 4709 .
275 4628 523 4686 lebetautembaec
534 4632 696 4688 Benedictio
711 4651 761 4704 per
774 4635 1037 4706 manuumimposi·
1092 4635 1224 4690 nltimam
1237 4635 1430 4691 Orationems
1461 4635 1918 4717 Complendumcocitntam,quoe

214 4701 334 4763 tionem,
350 4706 380 4755 nt
392 4706 493 4757 notum
507 4708 549 4757 est
559 4719 594 4758 ex
607 4708 706 4759 sancto
718 4705 884 4776 Augustino,
901 4707 982 4777 epist.
991 4707 1037 4772 59,
1092 4710 1261 4776 ettcmpore
1276 4706 1352 4762 illius
1365 4707 1392 4761 in
1409 4723 1460 4761 usu
1478 4714 1550 4769 erut,
1579 4710 1607 4760 ct
1633 4706 1762 4777 sequitur
1786 4720 1920 4775 proxime

215 4770 252 4824 ad
273 4770 437 4835 Paulinum,
461 4790 489 4844 q.
513 4774 544 4827 a:
563 4773 799 4846 Interpeltuttones
812 4783 914 4837 nutem.
927 4777 993 4841 sice,
1009 4783 1039 4833 ut
1092 4777 1285 4847 Antiphonem
1299 4793 1348 4832 seu
1364 4776 1581 4847 Responsorium
1597 4777 1675 4847 quod
1691 4777 1854 4835 Communia
1876 4777 1921 4831 di·

215 4842 304 4896 nostri
320 4842 428 4897 Codices
443 4843 553 4908 babent,
562 4847 846 4914 postulationesfinnt
857 4864 917 4902 cnm
925 4848 1039 4919 populns
1091 4848 1172 4902 citur.
1204 4846 1393 4902 Nihilominus
1407 4853 1516 4912 tannen,
1532 4846 1585 4903 etsi
1613 4847 1641 4901 in
1662 4846 1787 4917 antiquis
1811 4846 1920 4901 nostris

210 4909 402 4977 benedicitur.
418 4915 492 4968 Tunc
507 4915 802 4973 errimantistitesuetut
815 4918 1040 4974 Muccutisucce·
1093 4917 1186 4972 Missis
1199 4922 1228 4972 el
1240 4918 1389 4987 (lodicibus
1407 4919 1512 4973 nostris
1527 4933 1591 4972 mss.
1606 4917 1685 4973 nulla
1709 4917 1869 4988 reperiatur
1888 4919 1919 4972 in

213 4987 273 5052 ptos
287 4999 350 5038 suos
362 4998 552 5053 permunuum
566 4986 763 5057 impositionem
775 4989 1040 5045 misericordissime
1092 4987 1148 5043 fine
1172 4988 1263 5043 Missas
1291 4988 1462 5052 Benedictio,
1492 4987 1625 5044 existimo
1648 4993 1747 5044 tamen
1772 5004 1919 5043 canonem

214 5053 337 5121 atterunt
347 5056 478 5124 potestati
484 5072 494 5121 ;
510 5054 731 5128 quibusperoctis
740 5067 766 5114 et
773 5060 945 5184 participio
960 5066 1039 5115 tanto
1092 5057 1202 5113 concilii
1214 5058 1723 5141 Agatheuslsintelligendumessede
1742 5058 1919 5115 Benedictio·

214 5126 566 5195 snmumentuprutiurum
575 5128 866 5184 Actiacumtaconciu
890 5130 1038 5186 itiitsane
1092 5145 1127 5184 ne
1162 5130 1371 5185 cedar-elusio
1386 5130 1443 5184 ilne
1458 5129 1747 5194 ldrssse,distinctaab
1780 5129 1921 5185 Oratione

215 5191 285 5247 olim
295 5195 463 5252 Benedictio
474 5197 802 5268 debatnrpermsnunm
812 5199 1035 5282 impositionem,
1092 5146 1429 5270 sdgomplendnmNem
1439 5217 1503 5256 cum
1516 5200 1544 5254 iu
1554 5202 1656 5255 codem
1672 5200 1794 5255 concilio
1822 5198 1922 5270 probi·

216 5264 338 5320 Sanctus
357 5267 533 5331 Ambrosius,
550 5267 597 5323 lib.
614 5286 623 5324 ι
646 5268 680 5324 de
706 5270 888 5335 Paenitentia,
914 5288 976 5342 cap.
998 5272 1035 5326 t:
1091 5270 1193 5326 beatur
1206 5273 1369 5341 presbytero
1380 5269 1611 5326 Benedictionem
1622 5271 1779 5341 impertire,
1799 5275 1922 5325 nonest

215 5336 272 5391 Cur
285 5352 338 5418 eqo
351 5339 605 5408 monmimpoaittc
621 5346 648 5395 et
661 5341 938 5412 Benedictionisopus
948 5341 1039 5397 credi·
1091 5341 1195 5395 rationi
1211 5346 1437 5397 consentaneum
1449 5357 1514 5397 cum
1529 5357 1625 5398 arcere
1640 5344 1677 5397 ab
1703 5341 1811 5397 ultimae
1826 5339 1924 5396 Colle·

113 5433 118 5443 =
214 5405 258 5461 tis.
277 5406 704 5477 iirnccapiendusestsanctus
728 5410 927 5482 Hieronymus,
954 5411 1035 5484 epist.
1091 5416 1145 5466 ctce
1156 5411 1332 5479 recitatione,
1345 5428 1407 5482 quae
1416 5411 1500 5484 juxta
1515 5416 1644 5468 sanctum
1668 5411 1860 5484 Angustinnm
1876 5415 1924 5467 est

214 5478 252 5532 ad
262 5477 447 5534 Eustochium
462 5496 468 5533 :
485 5480 606 5535 [intenta
620 5498 712 5545 muna,
726 5489 756 5536 ut
771 5483 932 5538 benedicere
941 5499 983 5538 eos
988 5500 1038 5553 pu·
1090 5482 1249 5553 gratiarnm
1263 5482 1352 5548 Actio,
1364 5499 1426 5555 quae
1441 5498 1510 5537 sene
1527 5498 1584 5537 non
1600 5486 1643 5538 est
1658 5483 1920 5554 pretermittenda,

215 5553 265 5613 tes,
285 5548 310 5603 si
320 5550 434 5612 nescius,
446 5551 539 5621 pretio
549 5551 684 5622 occipiunt
693 5553 846 5608 salutandi.
858 5553 914 5608 litsi
926 5569 981 5607 non
996 5555 1037 5607 in·
1092 5552 1181 5609 sicea
1201 5556 1377 5625 presbytero,
1395 5552 1453 5608 sivo
1468 5555 1504 5607 ab
1530 5553 1674 5635 episcopo.
1706 5554 1762 5609 Sed
1781 5552 1921 5608 existimo

213 5617 372 5674 licierollm
383 5625 521 5676 usitatum
534 5620 620 5678 luisse
634 5621 747 5692 signum
765 5623 855 5679 crucis
869 5625 905 5679 ad
921 5623 1035 5679 benedi·
1091 5622 1331 5679 luissedirersum
1359 5623 1489 5679 Ecclesiae
1509 5639 1592 5679 osuiu
1615 5640 1690 5678 circs
1705 5623 1780 5679 benc
1799 5623 1917 5679 Benedi-

213 5689 349 5747 cendnm.
364 5689 436 5748 ilinc
450 5692 482 5747 tit
496 5696 527 5748 ut
541 5692 570 5747 in
582 5708 662 5748 conc.
680 5692 844 5750 tlileritano
859 5711 889 5759 ιι,
903 5710 969 5751 can.
993 5696 1035 5762 ¹2,
1090 5693 1216 5750 ctionem
1227 5694 1256 5750 in
1266 5694 1324 5750 Bne
1340 5693 1437 5756 Missus,
1449 5710 1521 5767 que,
1531 5699 1562 5749 ut
1575 5695 1717 5766 dirisnon
1743 5695 1866 5750 babetur
1886 5694 1920 5752 in

212 5766 441 5820 memoratarum
453 5763 686 5823 benedictionum
693 5763 826 5823 termule
834 5780 974 5823 munuum
983 5765 1037 5823 im·
1090 5765 1216 5841 antiquis
1230 5765 1322 5825 llissis
1337 5781 1356 5825 a
1369 5764 1451 5825 nobis
1461 5765 1618 5841 productis,
1634 5764 1731 5825 necin
1747 5764 1854 5825 norma
1868 5767 1928 5826 co-
