4052 6186
207 190 214 211 κ
252 249 309 307 tii
454 242 458 247 ⁴
591 237 898 301 turbantibus
925 235 1098 301 GREGORll
1123 231 1612 296 utamttrttitutcaoruua.
1864 243 1908 301 tlt

249 390 302 447 per
315 373 453 436 stationes,
477 368 564 452 eiipei
583 386 658 441 papa
682 370 718 424 ad
744 369 855 426 Missam
883 370 1115 449 precedebant
1132 366 1283 424 convenire
1299 382 1357 421 non
1370 368 1514 491 poterant,
1527 362 1631 446 qbejac
1645 366 1914 440 communionisquratt
1975 390 1976 429 i

249 442 468 517 sueritdeipea
482 440 907 514 MusatforteScnctotniittitur
917 439 1074 504 incuterem,
1131 439 1308 495 riderentur.
1327 439 1357 492 ln
1390 434 1541 508 uyusreisi
1562 435 1914 498 numnullaroxconrenieri-
1975 480 1976 493 .

250 532 310 572 curn
319 514 503 577 dicitm3Pa1
517 512 631 567 Domini
640 512 798 582 sitscmper
811 511 967 567 vobiscum.
981 511 1018 565 Et
1032 509 1078 565 too
1131 511 1187 565 tior
1202 508 1297 565 afferri
1312 512 1425 579 poterat
1439 522 1526 578 quam
1537 451 1675 578 fermenti.
1692 506 1838 564 sicutenim
1847 514 1914 569 nodi·
1975 512 1976 575 Ϊ

250 586 357 641 dicitur
369 583 541 654 [mentun.
558 582 629 638 Hinc
643 582 822 639 illustrantur
836 581 1077 653 eaqaoesuperius
1130 596 1196 636 cum
1211 580 1396 641 fermentum,
1411 582 1442 637 ut
1454 582 1529 633 recte
1538 581 1637 632 monet
1644 578 1717 647 apud
1726 578 1915 639 illustrissimum

250 654 424 721 notavimus,
435 658 498 710 tum
506 655 541 710 de
550 653 691 710 fermento
702 658 815 724 sumpto
829 670 878 724 pro
889 651 1076 717 Eucharistia,
1132 651 1314 721 Giampinnm
1328 649 1468 720 Iosephus
1491 647 1669 712 thomasius,
1690 652 1775 704 totam
1789 650 1872 707 lirim
1881 656 1916 710 cui

251 726 407 797 itidemque
422 726 565 782 chnucta
575 742 584 789 ,¹
595 730 656 779 tum
672 725 707 780 de
732 726 879 780 asservata
901 721 1078 779 Eucharistia
1131 721 1257 793 injicitur
1272 735 1400 776 massam
1415 720 1582 782 fermentat,
1598 718 1639 774 sic
1654 718 1764 774 unicum
1783 720 1843 776 illud
1863 724 1916 779 diri-

251 814 285 854 ex
298 796 386 869 priori
397 796 535 851 sacrificio
552 798 588 851 ad
602 796 814 851 immittendam
829 793 999 865 particulam
1013 807 1079 848 con·
1132 808 1254 874 numque
1267 790 1409 864 pontificis
1424 789 1609 855 fermentum,
1653 805 1682 845 er
1702 790 1792 845 titulos
1812 792 1917 865 missum,

252 872 395 951 secretam
409 867 437 950 in
453 866 542 948 Missis
557 865 927 992 [xxxiqqqsnbscquentibusz
948 867 1009 945 tum
1032 864 1079 944 de·
1133 864 1321 944 relationum
1336 806 1917 985 massametqorqnatfdelesuniueurbisco
1975 888 1976 893 ¹

252 935 1079 1079 tittiittttttttttitatttritiitttttittlt
1133 931 1918 1084 ttttlttltlttttttlittitltttttulit

254 1096 301 1137 me
313 1079 412 1135 addita
426 1080 587 1151 subjungo:
615 1078 712 1133 Tamen
726 1078 838 1132 Sabbata
864 1083 955 1131 sancto
969 1075 1080 1132 Pascha
1133 1092 1248 1147 azymus
1264 1077 1349 1129 tuerit
1371 1072 1452 1145 panis
1467 1073 1523 1137 ille,
1546 1072 1604 1128 sire
1629 1071 1816 1136 fermentatus,
1835 1076 1918 1131 Euchi-
1975 1100 1976 1105 ¹

255 1151 345 1205 nultus
354 1149 494 1221 presbyter
505 1166 552 1219 per
562 1149 683 1203 ecclesiae
692 1147 860 1217 baptismales
872 1147 1079 1202 neminemnam·
1133 1146 1213 1201 ristia
1224 1143 1356 1201 fermenti
1371 1143 1508 1199 vocabulo
1518 1143 1667 1215 designata
1679 1147 1729 1208 est,
1739 1147 1919 1201 nonamataria
1975 1170 1976 1183 ι

255 1222 383 1288 manicat,
399 1227 542 1290 antequam
552 1215 1080 1289 mittatureideipsaianota,quomod·
1134 1234 1166 1272 ex
1180 1234 1236 1287 qua
1259 1218 1415 1277 constaret,
1431 1214 1514 1270 seda
1538 1230 1625 1269 causa
1647 1214 1746 1269 morati
1765 1230 1795 1269 ac
1813 1216 1918 1286 mystica,
1975 1218 1976 1273 ι

254 1290 711 1362 tulitduminiispapa.Verumnon
720 1294 833 1344 tantum
841 1290 1078 1352 Sabbatosancto,
1134 1289 1209 1359 quod
1220 1286 1297 1341 idem
1310 1289 1451 1357 prestaret
1460 1284 1488 1340 in
1498 1300 1615 1355 corpore
1628 1284 1728 1340 Christi
1740 1286 1919 1357 mystico,quod

254 1361 403 1418 sedetiam
413 1361 540 1433 qualibet
550 1361 734 1416 Dominicaid
748 1359 844 1424 tiebat,
853 1362 926 1415 utex
935 1357 1080 1429 premisso
1133 1361 1253 1429 praestat
1265 1356 1439 1412 fermentum
1453 1355 1482 1410 in
1499 1371 1572 1426 pane
1585 1354 1738 1410 materiali.

253 1431 410 1488 lnnocentii
427 1432 593 1505 testimonio
612 1430 807 1501 intelligimus.
835 1431 920 1484 Serus
947 1428 1035 1484 fiebat
1050 1428 1079 1483 in
1168 1429 1309 1483 Gceterum
1330 1427 1404 1481 bunc
1427 1443 1538 1481 moreni
1551 1425 1762 1480 transmittendi
1780 1425 1920 1482 fermentum

254 1499 1081 1571 coemeteriis,idestinecctesiissupertumulosmartyrum
1134 1515 1183 1555 seu
1199 1497 1407 1554 Eucharistiam
1427 1512 1477 1567 per
1503 1496 1600 1551 titulos
1625 1494 1708 1551 Urbis
1731 1500 1792 1551 ante
1813 1497 1920 1552 mentun

255 1573 365 1637 erectis,
378 1572 526 1643 inquibus,
536 1588 595 1627 non
604 1587 652 1627 exs
673 1575 765 1627 ectato
774 1571 915 1642 pontilicis
928 1569 1079 1634 fermento,
1135 1585 1244 1624 nonum
1255 1569 1285 1623 in
1294 1568 1508 1624 desuetudinem
1520 1566 1634 1634 abiisse,
1645 1565 1798 1637 colligimus
1806 1583 1836 1621 ex
1844 1567 1922 1623 libellis

256 1644 403 1768 presbqlter
414 1659 496 1698 sacra
510 1642 615 1697 licebat
625 1590 778 1707 ceiebrarc,
792 1641 1036 1712 quemadmodum
1051 1639 1080 1695 ih
1134 1640 1246 1697 Ordinis
1256 1639 1389 1703 Romani,
1403 1636 1432 1693 in
1444 1638 1546 1720 quibus
1561 1636 1642 1692 nulla
1666 1636 1745 1691 istius
1760 1637 1922 1693 missitationis

255 1730 342 1786 paroc
363 1714 409 1780 iis,
425 1714 454 1768 id
467 1717 511 1769 eat
523 1714 552 1768 in
568 1712 693 1769 ecclesiis
705 1712 884 1768 suburbanis.
1097 1721 1121 1780 Β
1134 1710 1277 1766 momoria
1286 1713 1424 1780 superest,
1436 1712 1509 1764 sicut
1522 1724 1614 1779 neque
1628 1707 1849 1777 apudrtlcuinum
1860 1707 1923 1762 alios
1975 1764 1976 1787 ,

290 1783 454 1840 Consimilis
463 1783 534 1838 ritus
549 1785 717 1839 serrabatur
731 1783 760 1838 in
776 1782 956 1837 ordinatione
971 1781 1082 1853 episco·
1135 1798 1189 1853 que
1204 1780 1317 1836 Ordinis
1334 1780 1455 1834 Romani
1469 1782 1726 1835 commentatores.

256 1871 358 1925 porum
369 1855 645 1924 etpresbytcrorum,
657 1858 688 1908 ut
698 1853 968 1924 postearidebimus,
980 1852 1081 1922 quibus
1171 1852 1209 1907 Exi
1230 1851 1274 1906 his
1288 1850 1429 1922 conjicere
1444 1851 1509 1905 licet
1523 1848 1713 1905 recentiorem
1727 1864 1829 1903 morem
1841 1848 1922 1903 Euchi-

257 1926 293 1981 ab
302 1924 464 1979 ordinatore
477 1923 674 1995 porrigebatur
683 1923 1080 1994 integraoblataconsecrata,
1136 1923 1247 1979 ristiam
1259 1919 1429 1991 praeierendi
1438 1920 1574 1991 pontifici,
1584 1936 1652 1975 cum
1661 1920 1754 1991 aliquo
1761 1918 1921 1990 proficiscitur,

256 2012 291 2051 cx
304 2012 361 2066 qua
375 1994 627 2049 communicabant
639 1994 668 2049 in
687 1999 779 2049 certos
794 2011 812 2050 a
825 2010 877 2049 sua
900 1993 1082 2051 ordinatione
1137 1993 1258 2048 forsitan
1274 2008 1407 2047 manasse
1420 1990 1489 2063 [xii]
1500 2007 1556 2046 non
1572 1992 1667 2046 solum
1690 2008 1722 2046 cii
1737 1989 1864 2046 communi
1883 1989 1922 2059 pri·

257 2066 328 2129 dies,
344 2065 526 2121 immittendo
540 2064 647 2120 scilicet
659 2064 827 2135 particulam
836 2080 869 2120 ex
880 2069 997 2134 accepta
1005 2064 1081 2134 prius
1136 2080 1249 2119 morum
1266 2063 1491 2119 Christianorum
1507 2078 1597 2125 more,
1613 2061 1664 2132 qui
1677 2078 1726 2133 per
1761 2060 1870 2115 anantes
1884 2061 1921 2112 ltu·

257 2136 354 2200 oblata
366 2136 395 2190 in
409 2135 552 2190 calicema
566 2140 811 2198 seconsccratum,
823 2139 855 2190 ut
867 2134 907 2189 sic
920 2151 1003 2189 suani
1016 2150 1081 2189 cum
1136 2133 1302 2190 charistiam
1318 2149 1414 2188 secum
1428 2136 1540 2203 gestare
1555 2131 1699 2195 solebant,
1712 2149 1740 2187 se
1768 2130 1845 2187 etiam
1855 2146 1882 2185 ex
1891 2145 1922 2184 rc·

257 2224 309 2263 suo
324 2206 488 2262 ordinatore
500 2206 734 2262 communionem
748 2211 832 2276 atque
847 2204 979 2261 sacrificii
990 2206 1081 2260 unita·
1136 2205 1187 2261 teri
1197 2202 1744 2260 consuetudinedeferendisacrosancta
1751 2200 1870 2272 mysteria
1876 2204 1923 2254 aute

257 2282 317 2333 tem
332 2281 568 2348 protestarentur,
583 2293 646 2347 quie
659 2276 761 2346 duplex
781 2276 856 2331 ratio
871 2280 934 2331 erat
957 2274 1083 2346 pontifici
1138 2270 1922 2346 pontificem,cumadltlissarumaolemniacelebrandaid

258 2347 391 2404 mittendi
402 2346 612 2402 Eucharistiam
627 2347 663 2401 ad
680 2346 777 2402 titulos
792 2346 875 2402 Urbis
888 2346 1007 2418 singulis
1031 2349 1083 2401 Oo-
1137 2347 1228 2402 altare
1242 2345 1427 2417 procederet;
1464 2345 1491 2399 ui
1507 2350 1604 2399 tamen
1620 2344 1694 2400 ritus
1709 2345 1736 2399 in
1747 2344 1922 2416 primatautun

257 2417 370 2473 minicia
385 2434 435 2488 per
450 2417 604 2488 acolythos.
621 2417 746 2473 Tertiam
758 2418 859 2472 afferre
871 2416 937 2472 licet
948 2433 982 2472 ex
1000 2418 1082 2473 luno-
1138 2417 1260 2472 Romani
1270 2415 1384 2471 Ordinis
1394 2363 1922 2488 tiodtopraesrrioituanoninuitiatam

257 2489 343 2545 centii
354 2487 449 2544 serbis
465 2504 531 2544 mox
552 2487 658 2552 relatis,
679 2493 711 2543 ut
732 2488 839 2544 scilicet
871 2492 977 2543 otcstas
1003 2486 1084 2543 lieret
1137 2488 1275 2543 secundus
1286 2487 1398 2542 libellus
1411 2486 1541 2557 praecipit
1554 2490 1584 2541 ut
1596 2486 1737 2557 pontifex,
1750 2502 1809 2541 cuni
1821 2497 1923 2565 perteue

256 2558 430 2631 presbyteris
454 2557 615 2639 titularibus
647 2558 763 2614 Missam
791 2505 963 2623 integrandi,
1002 2574 1083 2613 secus
1137 2558 1175 2614 rit
1189 2560 1226 2614 ad
1240 2557 1342 2625 altare,
1355 2559 1446 2628 primo
1459 2557 1551 2612 adoret
1573 2557 1684 2622 Sanan,
1700 2573 1762 2629 qua
1776 2554 1875 2627 proinde
1885 2550 1923 2606 ibi·

257 2646 345 2701 quam
357 2629 527 2700 presbyteris
541 2628 742 2700 parochiarum
758 2645 807 2685 seu
822 2628 1005 2685 ecclesiarum
1019 2629 1083 2684 sub·
1137 2631 1204 2685 dem
1215 2633 1300 2683 antea
1312 2627 1452 2683 exstitisse
1464 2644 1578 2684 necesse
1588 2632 1643 2684 est.

256 2702 445 2765 urbanarum,
458 2704 489 2755 at
512 2715 546 2755 ue
561 2700 801 2765 coemeteriorum,
826 2699 901 2770 quod
929 2699 1084 2770 presbyteri
1171 2701 1198 2754 3.
1219 2699 1369 2769 Gregorius
1384 2715 1505 2780 magnus
1520 2697 1602 2753 initio
1617 2694 1833 2754 Sacramentarii
1846 2692 1880 2748 sui
1894 2692 1923 2746 ita

257 2788 350 2827 eorum
356 2770 450 2841 condo
518 2772 632 2842 rumjua
646 2771 774 2826 baberent
786 2775 865 2841 atquc
878 2771 1029 2825 licentiam.
1137 2771 1224 2826 Missis
1238 2769 1497 2841 ordinamexplicat
1512 2765 1923 2840 pancialnprimiaadfntroitun

294 2842 350 2898 Cur
364 2847 472 2904 autem,
486 2840 608 2965 inquies,
619 2857 666 2911 per
678 2841 824 2912 acolythos
835 2840 1018 2896 deferebatur
1029 2839 1083 2895 fer·
1136 2841 1302 2911 Antiphone,
1312 2841 1402 2911 quatis
1410 2840 1496 2909 fucrit
1506 2841 1619 2895 statutis
1629 2839 1848 2911 temporinam
1857 2833 1923 2888 dietus

258 2916 399 2976 mentum,
414 2912 437 2967 si
452 2911 514 2981 ipsa
545 2911 884 2980 acharistiaerat,etnon
916 2926 947 2966 er
957 2911 1083 2982 majores
1136 2911 1222 2982 festis,
1248 2928 1294 2966 scu
1312 2911 1489 2981 quotidianis,
1518 2910 1613 2965 deinde
1644 2908 1856 2991 llyrie'eleison.
1874 2905 1923 2986 ftra

258 2983 407 3037 ministros
419 2980 492 3036 ‘lant
505 2997 555 3035 cur
569 2982 686 3036 tandem
703 2981 878 3036 Eucharistia
892 2928 1020 3052 firmanti
1032 2997 1082 3036 iio·
1137 2982 1241 3037 dicitur
1260 2982 1356 3036 Gloria
1375 2981 1404 3035 iii
1428 2980 1545 3036 excelsis
1572 2982 1643 3047 Deo,
1667 2983 1691 3036 si
1706 2994 1828 3052 episcopus
1849 2976 1863 3045 f
1916 3012 1921 3033 ι

259 3052 338 3107 mine
351 3053 459 3106 donata
472 3049 582 3106 ostiari
597 3051 664 3121 quia
675 3051 758 3123 panis
772 3068 870 3122 eiquo
880 3051 1084 3108 conficiebatur
1099 3069 1122 3129 ρ
1137 3052 1321 3108 tantummodo
1334 3051 1379 3106 die
1390 3052 1536 3116 dominico,
1549 3052 1604 3106 sive
1614 3051 1710 3106 dietae
1724 3050 1811 3122 sestis,¹
1826 3043 1923 3172 aparte

261 3123 451 3177 fermentatus
460 3121 545 3177 erat?
1138 3123 1203 3178 teria
1221 3131 1309 3178 autern
1327 3122 1436 3177 manime
1461 3123 1575 3187 dicitur,
1602 3125 1661 3178 niet
1675 3122 1760 3177 solun
1785 3122 1812 3174 ie
1854 3114 1920 3193 acta

295 3192 338 3247 dd
349 3191 483 3262 primum,
500 3191 678 3262 acolytorum
693 3191 722 3247 id
738 3191 865 3247 officium
880 3196 953 3261 erat,
973 3196 1003 3247 ut
1018 3208 1082 3247 sac·
1138 3194 1249 3260 Quando
1265 3210 1328 3249 vero
1344 3193 1448 3248 titania
1462 3197 1564 3263 opiter,
1578 3210 1664 3263 neque
1692 3192 1784 3249 Gloria
1799 3191 1824 3244 in
1837 3185 1922 3243 excelsu

261 3263 340 3319 culos
350 3263 387 3316 ad
402 3260 626 3333 confringendas
638 3263 667 3317 in
681 3262 766 3318 Missa
781 3263 892 3318 oblatas
902 3267 1083 3318 consecratas
1139 3266 1208 3330 Deo,
1219 3281 1303 3335 neque
1313 3262 1436 3319 Alleluia
1450 3264 1574 3319 canitur.
1589 3263 1761 3320 Postmodum
1773 3261 1862 3316 duitor
1872 3255 1923 3312 Orc·

261 3336 419 3405 portarent,
432 3349 534 3403 easque
546 3332 741 3388 sacerdotibus
761 3333 950 3389 confracturis
970 3332 1085 3389 exhibe-
1138 3336 1186 3390 tio.
1200 3335 1305 3390 Deinde
1318 3351 1344 3389 se
1361 3336 1440 3389 uitem
1453 3334 1605 3404 Apostolus.
1620 3334 1693 3389 Item
1716 3332 1826 3404 qradate,
1838 3345 1875 3383 eeu
1893 3323 1922 3379 tl

260 3407 333 3471 rent,
348 3402 389 3458 uti
400 3406 517 3474 patetex
527 3401 751 3459 libellisOrdinis
762 3403 894 3460 Romani.
905 3406 1084 3476 Quapropter
1138 3405 1209 3461 luia.
1235 3408 1322 3460 Pcrtm
1359 3421 1403 3459 um
1418 3404 1519 3476 quitur
1543 3405 1742 3476 Boumeliteia,
1764 3397 1923 3465 deudofr-

259 3475 290 3529 ιιι
307 3491 359 3529 sua
374 3474 554 3529 ordinatione
570 3474 696 3531 sacculos
720 3476 900 3547 abepiscopo
926 3474 1083 3556 antiquitus
1139 3476 1256 3539 ιονιιιιης
1267 3483 1292 3530 et
1304 3475 1408 3530 dicitur
1420 3475 1516 3531 Oratio
1529 3491 1610 3557 super
1635 3475 1735 3530 oblata.
1757 3472 1800 3529 Sic
1812 3470 1861 3527 iera
1881 3480 1922 3545 ρει·

260 3544 437 3615 accipiebant
449 3544 478 3599 in
491 3544 605 3615 signum
633 3544 718 3616 hujus
733 3546 861 3601 muueris
875 3549 903 3600 et
929 3545 1029 3602 officii.
1054 3546 1084 3601 td
1158 3552 1224 3603 etun
1236 3551 1354 3602 iocatur
1369 3546 1431 3600 haec
1444 3544 1542 3601 Oratio
1556 3562 1586 3600 in
1601 3546 1731 3616 antiquis
1754 3544 1922 3610 illiusquam

259 3616 362 3696 probat
376 3614 487 3669 libellus
498 3620 615 3697 ortaria
630 3615 675 3670 hic
690 3616 782 3671 editus
792 3616 827 3671 de
850 3615 1084 3671 ordinationibus
1139 3564 1228 3672 idriis
1240 3621 1269 3673 et
1282 3617 1317 3671 ab
1331 3616 1478 3672 amalario
1494 3616 1602 3671 Secreta
1617 3616 1733 3671 dicitur.
1749 3616 1801 3683 Qua
1819 3607 1921 3679 martell,

259 3702 356 3742 sacris.
372 3686 453 3741 Unde
467 3685 591 3757 acolythi
607 3687 663 3741 duo
687 3686 715 3740 in
728 3687 814 3741 Missa
828 3686 993 3758 pontificali,
1018 3703 1083 3741 cum
1138 3688 1206 3742 dicit
1219 3688 1344 3742 sacerdos
1356 3688 1459 3742 enacim
1476 3703 1545 3751 voce,
1570 3687 1626 3742 Per
1642 3687 1740 3743 omnia
1753 3683 1843 3741 amala
1858 3691 1922 3753 sect·

258 3755 387 3882 pontifex
401 3756 571 3827 procedebat
586 3755 621 3811 ad
632 3756 733 3825 altare,
741 3757 917 3821 deferebant,
924 3774 1018 3828 capsas
1025 3773 1085 3812 cun
1138 3760 1245 3822 lorum,
1262 3764 1315 3814 etc.
1333 3757 1437 3813 Confer
1464 3756 1614 3829 Micrologi
1640 3762 1727 3829 caput
1739 3758 1781 3821 23,
1801 3753 1838 3810 ubi
1854 3751 1922 3802 biens

278 3828 375 3894 auctis,
386 3826 416 3881 id
430 3833 472 3882 est
488 3827 674 3895 Eucharistia,
690 3843 794 3899 easque
808 3829 945 3885 tenebant
965 3834 1083 3899 apertas,
1139 3829 1290 3899 descriptio
1301 3829 1390 3884 Missae
1404 3828 1532 3884 affertur.

260 3898 328 3953 dnm
344 3897 473 3968 pontifex
481 3897 593 3962 Sancta,
609 3900 766 3964 adorasset,
784 3903 869 3969 atque
895 3916 928 3954 cx
943 3899 983 3953 cis
1019 3899 1086 3954 arti·
1174 3899 1261 3954 blulta
1272 3898 1300 3954 in
1314 3899 1646 3970 superioribusGrcgorii
1659 3892 1924 3955 verbicessentnotar

260 3968 354 4047 culam
370 3968 478 4023 assumi
488 3967 620 4040 jussisset
637 3969 665 4023 in
683 3985 766 4023 usum
782 3968 912 4025 sacrificii
927 3916 1085 4039 quoifmox
1140 3972 1194 4036 da;
1205 3971 1256 4025 sed
1266 3967 1330 4025 aliis
1340 3970 1401 4026 haec
1413 3970 1617 4041 permittimus,
1631 3957 1924 4042 insignioratantunob

261 4040 297 4095 ab
308 4055 368 4109 ipso
381 4039 584 4094 celebrandam
597 4043 670 4096 erat.
683 4040 744 4095 Huc
757 4039 830 4097 forte
846 4057 859 4095 s
880 4044 956 4095 ectat
966 4039 995 4094 id
1008 4040 1086 4112 quod
1140 4041 1289 4097 servaturi.

261 4108 443 4191 ini'ropyleo
463 4110 500 4164 ad
514 4114 626 4192 tomum
651 4111 663 4165 l
685 4110 798 4181 Aprilis,
822 4058 1001 4166 Boiiandiani
1030 4108 1084 4191 [xi]
1176 4112 1207 4166 ln
1224 4111 1324 4237 primis
1339 4112 1420 4182 ltprie
1432 4111 1530 4166 eleison
1556 4112 1643 4168 toties
1658 4111 1839 4183 repetebatur,
1858 4117 1886 4173 qt
1913 4095 1926 4148 d

261 4181 365 4250 legitur
379 4182 414 4236 de
424 4180 584 4251 Zephyrion
606 4196 691 4252 papa,
714 4181 794 4252 cujus
818 4180 871 4236 fuit
883 4181 936 4236 hoc
951 4185 1087 4237 constitu·
1141 4182 1220 4254 ponti
1234 4182 1377 4253 exaliqua
1393 4187 1463 4238 nutu
1478 4183 1565 4237 finem
1580 4183 1754 4255 designaret.
1782 4178 1852 4237 Unde
1872 4172 1926 4247 Pana

262 4255 334 4315 tum,
346 4256 378 4305 ut
384 4254 498 4320 patenas
509 4252 609 4306 vitreae
622 4258 687 4308 ante
697 4252 846 4307 sacerdotes
865 4254 895 4307 in
912 4252 1024 4308 emtesic
1037 4251 1087 4306 mi·
1141 4254 1176 4309 dc
1191 4254 1300 4308 Crassis
1313 4256 1444 4308 observat
1456 4252 1542 4321 Karia
1553 4253 1582 4308 in
1597 4254 1694 4311 missis
1707 4248 1846 4324 pontificiis
1854 4239 1926 4321 taudffl

261 4320 347 4376 ruistri
414 4327 514 4402 tarent,
539 4321 603 4377 dum
627 4323 683 4393 cpia
732 4340 763 4379 us
782 4323 892 4378 Maiam
917 4322 1082 4379 celebraret.
1141 4324 1281 4449 protrahi,
1306 4325 1432 4395 quandiu
1447 4323 1608 4380 reverentia
1631 4340 1712 4407 papae
1738 4312 1927 4398 acardipalibui

263 4392 338 4447 Sane
375 4391 513 4446 barsicius
528 4396 640 4464 martyr
651 4409 685 4448 eii
697 4393 706 4448 i
719 4393 812 4448 lorum
827 4393 1023 4465 acolythorum
1036 4409 1087 4448 nu·
1155 4395 1275 4451 scienda
1289 4396 1383 4449 durat.
1399 4396 1504 4450 Verum
1518 4395 1547 4449 in
1558 4395 1592 4450 iis
1607 4398 1698 4452 ttissis
1707 4410 1769 4466 qum
1779 4379 1928 4459 litaniasiulr

262 4478 344 4518 mero
359 4466 421 4518 erat
435 4464 502 4534 :qui
514 4479 573 4518 cum
585 4463 699 4535 quodam
714 4465 758 4519 die
767 4463 886 4534 deterret
901 4464 1009 4520 Christi
1031 4481 1085 4520 ccr-
1142 4483 1171 4522 se
1194 4468 1334 4522 uebantur
1348 4466 1436 4537 li'prie
1454 4466 1551 4521 eteisou
1566 4466 1662 4522 omitti
1678 4483 1740 4521 mos
1752 4466 1819 4528 erat,
1832 4462 1858 4514 ut
1868 4470 1894 4511 et
1904 4450 1927 4503 ΙΙ·

259 4533 336 4605 poris
349 4540 527 4617 sacramenta,
550 4550 595 4590 neo
615 4534 695 4616 nettct
709 4551 741 4590 ea
755 4534 964 4616 discutientibus
974 4536 1088 4606 prodere
1142 4484 1223 4593 bailia
1237 4537 1341 4592 nostris
1355 4543 1443 4607 patet,
1458 4538 1493 4592 ob
1507 4553 1571 4593 cam
1595 4537 1727 4594 videlicet
1751 4546 1854 4591 causam
1873 4518 1927 4594 tttd

261 4622 383 4687 prquam
401 4608 455 4660 tam
468 4605 689 4730 diuertsuitibue
700 4623 733 4685 ac
747 4606 888 4677 lapidibus
896 4605 1087 4661 maceratueab
1142 4608 1171 4663 in
1182 4607 1289 4663 litaniis
1298 4608 1359 4678 jam
1374 4612 1522 4663 cantatum
1539 4607 1649 4665 fuisset.
1913 4658 1917 4669 .

262 4691 310 4743 eie,
336 4692 470 4747 quousque
493 4677 562 4732 ectio
573 4683 633 4731 aret
656 4679 795 4748 spiritum,
812 4680 935 4733 testante
959 4677 1088 4734 Usuardo
1178 4681 1248 4735 Gum
1264 4678 1418 4734 dicendum
1433 4682 1547 4734 estPac
1554 4679 1635 4743 uobis,
1647 4677 1773 4750 pontifex
1784 4660 1927 4752 secoprcrttl

262 4746 299 4802 ad
311 4763 378 4802 xum
390 4747 453 4802 Kal.
469 4746 656 4819 Septembris.
1143 4750 1179 4805 ad
1194 4749 1341 4821 populum,
1355 4750 1401 4804 ubi
1416 4749 1534 4807 ecclesia
1549 4750 1655 4807 directa
1662 4753 1705 4805 est
1716 4762 1807 4803 uersus
1819 4739 1926 4798 orientem

296 4818 363 4872 lam
377 4834 538 4888 veroquam
551 4820 586 4874 ob
599 4835 716 4876 causam
727 4818 858 4876 fermenti
869 4817 1087 4875 nomenllncha-
1142 4837 1221 4876 secus
1245 4820 1267 4875 si
1283 4836 1380 4876 versus
1406 4821 1593 4886 occidentem,
1610 4825 1640 4877 ut
1664 4820 1692 4875 in
1714 4814 1829 4874 basilicis
1844 4811 1927 4866 Latet·

261 4887 349 4943 ristia
371 4887 425 4943 hoc
439 4888 468 4943 in
482 4888 545 4944 loco
569 4889 735 4962 impositum
750 4890 797 4960 sit,
813 4908 850 4947 an
875 4890 941 4962 quia
956 4908 990 4947 ex
1015 4905 1088 4973 pane
1143 4891 1234 4957 aeusi,
1251 4892 1398 4959 Vaticana,
1415 4891 1478 4948 aliis
1501 4908 1534 4948 ue
1554 4891 1705 4956 similibus,
1720 4891 1748 4945 in
1770 4886 1859 4959 quibui
1878 4888 1927 4948 9⁰¹¹·

263 4958 436 5015 fermentato
450 4957 582 5016 confecta
605 4966 688 5027 esset,
705 4978 742 5017 an
788 4962 862 5018 otius
877 4964 913 5019 ob
936 4966 1088 5035 mysticam
1143 4963 1212 5019 tifex
1225 4978 1307 5019 sacra
1319 4962 1426 5018 faciens
1446 4910 1555 5019 ruitum
1571 4963 1657 5019 habet
1676 4972 1835 5018 conversum
1856 4949 1927 5015 adpo

264 5028 389 5110 aliquam
397 5029 549 5112 rationem,
562 5033 755 5089 nonestfacile
763 4980 1087 5089 definirelltudcertum
1164 5034 1253 5099 ulum,
1267 5050 1319 5089 nec
1333 5051 1363 5090 se
1384 5034 1468 5090 vertit
1481 5036 1518 5089 ad
1541 5034 1660 5099 clerum,
1686 5032 1729 5089 cui
1745 5031 1864 5086 obuersus
1885 5016 1923 5072 etl·

157 5146 160 5155 .
261 5101 383 5182 uidetur,
397 5100 451 5182 hac
463 5118 494 5184 in
510 5102 572 5157 sola
587 5103 736 5184 occasione
761 5105 895 5160 fermenti
919 5103 1088 5161 vocabulum
1142 5052 1213 5161 Orda
1228 5104 1411 5161 Ordinarium
1426 5105 1522 5161 iacobi
1538 5104 1716 5173 Gaietani,p
1756 5099 1834 5156 dli·

263 5170 448 5252 Eucharistiae
462 5188 491 5228 in
508 5177 567 5229 tota
581 5174 752 5246 antiquitate
770 5175 918 5233 tributum.
934 5175 1002 5231 Erat
1021 5191 1089 5247 ergo
1181 5176 1285 5232 Deinde
1299 5174 1327 5231 in
1338 5177 1423 5233 Missa
1438 5193 1495 5231 non
1512 5177 1629 5232 sedebat
1648 5174 1726 5256 ponti
1743 5189 1774 5228 ex
1788 5171 1848 5247 ante
1870 5158 1927 5214 Ost

264 5258 407 5324 praecipua
420 5248 449 5298 ct
460 5243 612 5325 singularis
624 5245 653 5301 in
665 5245 725 5317 ipso
736 5246 812 5303 facto
825 5246 910 5318 liujus
925 5246 1090 5318 appellatio·
1144 5247 1235 5303 lutam
1251 5247 1417 5303 Orationem
1434 5247 1509 5321 [xcii]
1530 5264 1592 5318 qua
1606 5244 1738 5317 Epistola
1760 5233 1926 5312 praemittitur}

264 5330 308 5369 nis
323 5330 419 5370 causa.
436 5315 510 5381 Quid
524 5315 548 5370 si
560 5316 596 5371 ad
611 5318 766 5388 tegendum
793 5317 922 5389 profanis
941 5318 982 5373 rei
1004 5334 1090 5373 sacra
1145 5334 1234 5390 eoquo
1247 5320 1364 5374 sedente
1383 5335 1416 5373 ac
1435 5322 1590 5387 annuente,
1613 5313 1733 5387 episcopi
1758 5317 1783 5367 et
1805 5302 1926 5389 Pl⁰³bfi⁹f¹

264 5401 462 5467 arcanumpro
475 5387 676 5443 morcillorum
686 5387 1092 5459 temporumfonidsiadde·
1145 5390 1291 5455 sedebant,
1309 5406 1365 5444 nou
1380 5405 1446 5445 vero
1470 5388 1583 5446 diaconi
1607 5392 1656 5443 aut
1681 5382 1844 5457 subdiaconi.
1866 5368 1927 5442 aliur

263 5458 437 5529 signandam
454 5458 689 5514 communionem
701 5476 734 5514 ac
747 5459 892 5515 vinculum
905 5458 1023 5514 unitatis
1038 5458 1092 5515 hoc
1146 5460 1279 5515 ministri.
1296 5461 1355 5515 Huc
1376 5464 1486 5531 spectat
1499 5458 1660 5531 llieronymi
1685 5456 1721 5513 ad
1736 5455 1866 5522 Euagriuiu
1887 5450 1926 5510 eil:

265 5527 433 5583 uocabulum
445 5529 636 5599 aptiusvisum
646 5531 789 5587 estham
798 5529 1092 5601 Eucharistiainejus·
1146 5531 1219 5587 stola
1233 5532 1278 5587 85.
1292 5533 1426 5588 Craterum
1437 5533 1520 5587 etiarn
1534 5533 1564 5587 in
1579 5530 1698 5586 Eutaia
1712 5528 1800 5582 Rome
1811 5512 1926 5591 prditui

264 5597 343 5680 modi
355 5598 503 5655 occasione
515 5600 600 5672 hujus
610 5600 751 5682 reigratia
760 5602 797 5656 ad
809 5600 906 5656 titulos
914 5599 1090 5667 mittebatur,
1146 5601 1245 5669 sedent,
1261 5610 1286 5658 et
1297 5609 1372 5658 etant
1384 5603 1501 5668 diaconi,
1520 5602 1581 5661 ticet
1594 5599 1735 5673 paulatim,
1749 5584 1926 5650 imretrctttfl·

264 5683 299 5749 ex
312 5669 406 5750 dictis,
425 5686 461 5726 ne
477 5671 786 5754 presbyterititulares,
810 5671 857 5744 qui
882 5670 980 5728 diebus
999 5672 1094 5728 Domi·
1148 5673 1198 5730 biis
1209 5673 1296 5740 uitiis,
1310 5676 1383 5729 inter
1390 5672 1576 5758 presbyteros,
1600 5671 1706 5728 abrami
1727 5666 1842 5746 coempti
1859 5649 1925 5723 “W

265 5752 336 5795 nicia
345 5744 461 5811 propter
472 5740 586 5814 plebem
595 5743 650 5800 sibi
659 5743 800 5801 meditem
810 5759 869 5801 una
883 5759 950 5801 cum
961 5742 1094 5816 pontifice
1147 5744 1289 5803 diaconum
1303 5745 1431 5813 viderere,
1451 5753 1477 5801 et
1500 5746 1532 5800 in
1544 5741 1690 5803 donatista
1716 5746 1835 5795 mutuus
1847 5715 1926 5780 aeide
