4022 6174
106 259 162 326 lbi
475 255 512 319 tri
533 258 564 322 S.
587 255 762 320 unaucurt
782 252 920 317 tretium
939 252 1262 326 SACRAMENTORUM
1283 260 1402 326 NOTAE.
1635 266 1641 277 ’
1726 250 1783 323 ttb
1829 262 1838 279 ’

131 391 209 467 519
220 389 248 444 ln
262 388 359 445 eodem
376 388 490 455 Codice,
504 395 533 446 et
545 390 574 445 in
599 389 702 445 Codice
722 387 836 445 Ratoldi
852 387 901 442 ba·
921 396 942 456 Α
993 391 1058 449 497.
1083 395 1179 451 liciole
1191 397 1309 452 omnium
1323 402 1490 452 sanctorum.
1505 396 1554 451 Oe*
1574 393 1628 451 bac
1649 390 1785 450 solemni-

102 467 254 522 betur:·ru
272 461 336 516 ldae
354 459 485 517 Octobris.
512 462 608 534 uigilia
623 468 778 518 sauctorum
805 461 904 529 Dione·
960 464 1100 519 tatenibil
1116 465 1782 527 ¹¹exstatioCodicibusRodradiettttremensi.

102 538 130 592 ui
142 534 270 590 Rmtr'ciet
284 532 432 587 &tertberti
445 537 473 587 et
487 535 616 605 sequenti
629 533 674 588 die
687 531 904 587 nataleeorum·
959 536 1017 589 Hoc
1033 535 1136 592 festum
1151 538 1274 593 institnit
1284 539 1435 610 Gregorius
1447 539 1547 594 tertius
1557 538 1684 609 pontifex
1696 538 1785 593 mani·

104 608 155 661 dem
167 608 333 659 mortorum.
346 603 437 658 biissm
454 603 572 661 diversa
587 609 654 660 sunt
668 605 697 659 in
718 608 837 671 utroque
852 602 902 682 Co3
958 622 1033 671 mus,
1059 613 1090 662 ut
1105 609 1202 663 scribit
1229 611 1416 666 Usunrdusiu
1432 609 1632 682 Martyrotogio
1654 626 1661 665 t
1679 610 1786 664 'tertius

103 676 262 733 discitum
285 675 401 730 Kalend.
420 674 589 742 Nouembris,
618 677 647 730 in
662 677 763 731 eodem
790 674 904 728 Ratoldr
958 693 1021 735 aera
1032 677 1178 749 Gregorius
1198 681 1320 751 pantiten
1335 683 1500 740 postmodam
1523 681 1640 736 decrevit
1668 680 1784 735 camdem

102 746 315 804 Cadccbabetur
330 748 610 803 octavaeorumdem
626 750 804 801 sanctornm.
897 814 902 825 Ι
961 749 1402 807 intonareomuiumranetorum
1412 751 1783 820 solemniterobserncriper-
1827 750 1831 759 “

130 820 182 873 49¹·
194 821 335 885 Amulii
347 824 420 872 ΝΟ
430 817 504 887 Mil.
517 823 573 874 eic-
592 821 620 873 ¹11
636 817 738 873 Codice
750 818 904 872 Rhemum!
959 829 1038 891 petuo
1049 822 1083 875 nb
1106 826 1178 876 omui
1203 824 1334 878 Ecclesia.
1351 824 1432 888 Ouod
1447 823 1476 877 in
1491 823 1583 879 Callia
1609 822 1784 878 celebratum

102 887 234 945 beceliter
249 887 401 959 leguntur:
423 888 475 953 Oui
488 906 626 945 assumens
646 896 752 944 sautum
763 888 827 956 idei
853 904 906 957 qao
960 896 1004 946 est
1017 892 1069 946 sub
1082 894 1220 950 tudorico
1231 895 1289 953 rio,
1300 896 1529 950 utteamrurudo
1544 894 1572 948 in
1587 893 1784 964 martyrologio

102 961 189 1015 intubi
198 959 292 1027 pacata
302 961 380 1030 ignea
392 960 571 1032 restingueret
580 960 791 1030 etgalecmspem
798 959 905 1021 salutis,
962 980 1016 1018 ms.
1030 980 1036 1018 z
1050 964 1172 1019 ammte
1185 972 1287 1021 sanctae
1307 964 1500 1020 recordationis
1517 964 1646 1034 Gregorio
1659 963 1784 1034 pontifice

101 1030 246 1109 deludium,
263 1031 390 1101 -tt'l'tt'hlt,
403 1031 471 1102 quod
492 1041 528 1087 est
549 1031 658 1086 cubam
683 1036 769 1096 taum,
791 1030 908 1156 iorum
959 1034 1092 1106 piissimo,
1116 1036 1266 1092 Ludocreur
1287 1039 1444 1106 imperator,
1466 1036 1586 1090 omuibus
1607 1036 1683 1104 regni
1696 1042 1722 1090 at
1737 1038 1785 1088 im-

98 1101 298 1175 cppugaantrbus
309 1100 477 1173 passionibus
495 1104 625 1157 citiorum
647 1102 761 1157 restitit.
807 1102 907 1171 deoque
961 1107 1034 1176 perii
1048 1108 1092 1162 sui
1105 1105 1787 1176 episeopisronsentrentibas,statuitutsolemniter

97 1189 235 1246 precamur,
246 1174 412 1228 exercituum
430 1174 553 1241 Domine,
568 1175 617 1245 qui
628 1180 748 1244 cumpost
763 1172 907 1242 mortifica·
960 1177 1094 1247 festivitas
1105 1182 1222 1232 amnium
1238 1188 1392 1234 sanctorum
1402 1179 1431 1233 in
1445 1179 1564 1250 prefata
1584 1178 1628 1232 die
1641 1177 1786 1231 annuatim

99 1247 181 1300 iucem
205 1245 327 1314 corporis
354 1245 480 1315 stigmata
504 1247 687 1316 perferentem
715 1243 906 1306 remunerasti,
961 1256 1235 1319 perpetnoaperetur.

96 1334 144 1387 epar
155 1313 360 1385 triumplialibus
375 1323 401 1369 et
415 1317 597 1387 informemur
610 1316 748 1387 exemplis,
764 1322 788 1370 et
802 1314 908 1369 meritis
998 1318 1048 1374 Hie
1062 1325 1159 1375 antem
1174 1320 1325 1392 Gregorius
1335 1324 1453 1392 quartus
1465 1317 1745 1391 esthujusnominis‚
1756 1322 1788 1372 ut

96 1387 319 1465 adtenuantur
332 1386 481 1442 Cbristum.
961 1392 1085 1445 testatur
1099 1390 1270 1463 sigebertus,
1280 1393 1315 1447 ad
1333 1408 1440 1447 annom
1454 1379 1558 1447 Christi
1571 1392 1624 1446 853
1650 1391 1732 1455 Ouod
1748 1395 1788 1443 ta·

123 1457 179 1513 492.
196 1457 333 1513 Manacit.
349 1458 433 1512 Meno
456 1458 585 1514 hocloco
603 1457 727 1513 sumitur
741 1456 902 1512 transitive.
962 1478 1028 1516 men
1045 1462 1190 1518 decretum
1207 1480 1262 1519 non
1279 1464 1375 1519 statim
1396 1463 1498 1533 ubique
1513 1463 1614 1517 tenuit.
1631 1459 1741 1517 Etenim
1758 1460 1787 1515 in

121 1529 177 1585 493·
196 1529 256 1583 Νθθ
269 1545 360 1583 mm
375 1530 501 1598 eaemplis
516 1530 708 1602 informemur,
732 1534 785 1584 eic-
799 1528 828 1583 ln
851 1527 906 1582 CO·
961 1533 1064 1588 Codice
1089 1535 1224 1597 liodradi,
1249 1535 1296 1606 qui
1322 1534 1443 1604 scriptus
1460 1532 1514 1588 tuit
1536 1539 1666 1603 ternpore
1694 1531 1788 1586 Caroli

94 1601 146 1655 dice
154 1599 309 1656 libamenti
325 1599 386 1655 hac
404 1599 486 1657 aliter
509 1601 643 1673 leguntur
666 1619 673 1656 :
697 1601 741 1655 tte
765 1616 811 1654 nos
825 1599 908 1653 etium
963 1605 1039 1659 Calai
1053 1603 1246 1675 imperatoris,
1262 1606 1372 1661 nultum
1386 1609 1480 1660 exstat
1501 1605 1586 1676 liujus
1598 1603 1788 1659 solemnitatis

92 1686 142 1743 aaa
152 1687 296 1726 aarum
309 1679 442 1727 sectantes
455 1673 654 1728 conomientius
668 1689 760 1727 aarum
774 1670 908 1725 natalitia
962 1674 1100 1730 osticium.

94 1743 250 1798 camenus.
265 1741 302 1796 Et
317 1740 447 1797 idearum
459 1745 574 1815 angelis,
587 1748 640 1800 etr.
900 1810 905 1821 ι
923 1756 945 1814 Β
998 1746 1155 1801 Dicendum
1166 1750 1210 1803 est
1234 1752 1410 1803 temerante
1426 1746 1599 1802 Ludoricurn
1609 1744 1787 1814 Pinmimpe·

120 1814 174 1867 ⁴9⁴·
195 1813 321 1879 lettss
347 1830 486 1883 mmet.
501 1820 555 1871 eic-
577 1816 607 1870 ln
629 1813 732 1869 Codice
754 1812 907 1868 Rhemenffl
962 1823 1087 1873 retorem
1100 1818 1154 1872 boc
1169 1818 1272 1873 sestam
1286 1818 1316 1872 in
1331 1818 1476 1873 nonnuliis
1500 1818 1597 1873 Galliae
1616 1818 1686 1871 locis
1703 1815 1789 1870 tuisse

93 1884 179 1940 diter:
190 1885 259 1950 Oura
271 1884 370 1939 audere
383 1887 466 1955 pascis
477 1903 528 1957 pra
541 1887 628 1943 nabis.
643 1888 705 1941 l’cr
719 1884 886 1964 Christum
962 1888 1149 1945 celebratum.
1166 1888 1310 1959 Siquidem
1335 1889 1410 1944 illius
1425 1888 1552 1944 oiirciurn
1568 1888 1730 1958 assignetur
1752 1887 1788 1940 ab

120 1957 178 2010 tte.
201 1955 307 2011 ulalate
325 1957 414 2011 macti
431 1957 562 2013 Caesarii.
582 1959 641 2012 Hoc
656 1956 761 2012 testum
774 1958 868 2011 exstat
879 1969 909 2008 rn
963 1959 1083 2015 Alcaico
1100 1960 1128 2015 in
1144 1960 1215 2014 libro
1230 1959 1263 2015 de
1278 1960 1382 2015 divinis
1394 1959 1513 2019 otricus.
1529 1959 1576 2030 qui
1591 1963 1721 2029 tempore
1736 1961 1787 2010 Ca·

93 2026 203 2093 mensis,
218 2032 252 2083 et
266 2027 296 2083 in
311 2027 460 2085 (lodicibus
481 2029 587 2085 nostris
613 2046 682 2085 mss.
703 2026 857 2083 Rberuensi
881 2028 911 2080 et
964 2032 1017 2086 roli
1040 2031 1133 2101 Magni
1149 2032 1246 2086 floruit
1264 2030 1292 2085 in
1308 2032 1399 2086 Gallia
1427 2048 1433 2097 ;
1454 2031 1583 2101 quamvis
1607 2030 1659 2084 sub
1686 2027 1788 2083 Caroto

95 2098 203 2154 matut
964 2103 1067 2170 Magno
1082 2102 1193 2157 nullum
1208 2104 1328 2158 essetde
1343 2103 1427 2173 hujus
1451 2100 1643 2157 solemnitatis
1657 2098 1790 2153 observa·

120 2170 204 2242 Hujus
215 2169 436 2227 sanctiCaesarii
452 2171 540 2225 acub
554 2174 667 2227 exstant
691 2170 767 2295 apud
781 2169 909 2231 Surium,
965 2173 1042 2229 tiene
1054 2174 1210 2229 decretum.
1238 2173 1310 2229 Nam
1324 2174 1351 2229 in
1367 2173 1485 2229 coneilio
1512 2171 1687 2244 Mogontino,
1712 2169 1789 2240 qnod

94 2242 253 2298 eodemdie.
271 2240 324 2298 Ubi
335 2241 438 2297 dieitur
454 2258 554 2311 passus
567 2249 684 2313 tempore
699 2243 710 2295 i
723 2241 749 2295 la
762 2257 813 2312 qao
828 2239 910 2295 Clau·
964 2246 1066 2300 eodem
1082 2244 1182 2300 Carula
1197 2243 1367 2315 imperante,
1382 2244 1554 2299 celebratam
1577 2245 1629 2300 est.
1644 2258 1712 2298 can.
1742 2240 1787 2305 3u,

92 2312 145 2366 dius
157 2314 267 2367 moaci!
284 2320 408 2367 matrem
426 2314 494 2378 Oura
519 2313 616 2380 rerba,
643 2313 665 2368 si
691 2312 755 2367 sina
782 2316 859 2373 sunt,
876 2312 911 2364 de
964 2315 993 2370 in
1009 2333 1065 2387 qna
1089 2317 1124 2370 de
1139 2315 1278 2371 festorum
1304 2315 1502 2370 observatione
1516 2314 1619 2385 egitur,
1644 2312 1723 2368 nulla
1747 2314 1791 2367 est

92 2383 160 2438 nulle
172 2384 229 2439 alio
246 2384 291 2438 im
312 2388 425 2439 aratore
435 2386 567 2454 quamde
583 2383 819 2440 ClaudioNerone
829 2381 911 2436 intel·
966 2385 1030 2442 iesti
1043 2392 1208 2442 sanctorum
1227 2387 1357 2442 omnium
1369 2385 1487 2441 mentio.

91 2452 270 2527 ligipassant.
304 2453 346 2509 uit
372 2454 489 2511 sabone
506 2454 584 2522 Afer,
599 2456 737 2526 dignitate
750 2453 910 2518 diaconus;
1000 2457 1065 2513 t08,
1093 2459 1217 2523 Quaem
1228 2466 1416 2513 manaturum
1439 2456 1618 2513 nominatae
1638 2458 1785 2517 raritate.

90 2542 177 2595 passm
190 2531 235 2581 est
250 2525 487 2581 Terracinaecum
501 2527 615 2581 tuliano
632 2528 805 2596 presbytero.
818 2530 850 2580 ut
863 2540 910 2579 ca·
965 2530 1008 2583 Ita
1022 2528 1052 2583 in
1068 2529 1166 2583 uatus.
1180 2530 1210 2584 ln
1225 2528 1290 2585 aliis
1304 2528 1453 2585 Codicibua
1468 2527 1572 2583 nostris
1586 2543 1653 2584 mss.
1670 2530 1700 2582 et
1713 2524 1790 2596 apud

91 2598 146 2652 dem
157 2601 226 2653 Acte
240 2601 398 2652 testantur.
413 2598 614 2669 Martyrologie
628 2598 760 2661 Usuordi‚
786 2595 909 2657 Rabani,
964 2599 1123 2654 pamelium
1140 2599 1185 2655 tric
1200 2599 1299 2655 titulus
1313 2598 1522 2656 desideraturo-

91 2668 196 2736 tdonis,
209 2672 239 2724 et
254 2668 328 2724 illud
354 2670 410 2724 uod
421 2668 546 2724 nominer
555 2670 638 2724 Beda
648 2668 859 2730 circumfertur,
868 2664 910 2720 di·
1001 2671 1062 2727 499.
1076 2672 1196 2736 morum
1208 2670 1264 2724 dier
1275 2670 1376 2725 natatis
1383 2687 1432 2751 per
1438 2670 1611 2725 incutiamus
1630 2668 1788 2731 testaceis„

91 2745 148 2795 cant
159 2740 242 2795 ittam
261 2741 315 2795 snb
330 2685 450 2796 glaudio
465 2740 638 2810 imperatore
651 2755 765 2809 passum
780 2753 851 2793 esse.
964 2742 1007 2797 Ita
1019 2741 1048 2797 in
1065 2742 1162 2798 Editis.
1178 2742 1268 2797 Aliter
1280 2741 1308 2796 iu
1322 2742 1428 2796 Ordine
1443 2742 1590 2799 Romano:
1679 2755 1729 2793 aar
1742 2737 1790 2792 Co

118 2811 277 2866 Difficultas
287 2817 330 2866 est
344 2815 444 2866 tamen
454 2827 512 2866 aon
532 2811 684 2867 mediocris
706 2810 734 2865 in
748 2809 823 2865 Actis
845 2824 911 2862 san·
964 2820 1124 2868 renatorum
1133 2816 1246 2869 nornine
1257 2808 1790 2884 perincuriamuegiecta,Deoreretante

90 2885 187 2937 ciarum
199 2882 302 2945 Nerei,
317 2881 446 2948 Achillei,
463 2887 491 2938 et
504 2882 669 2948 Domitillae,
692 2881 721 2935 in
737 2881 911 2952 quiescere
965 2884 1111 2940 morunt:
1128 2885 1249 2948 Seserem,
1273 2884 1445 2947 Seuerianus,
1473 2883 1674 2945 Victoriacum
1690 2881 1790 2950 Carpo·

90 2952 324 3009 sariaediaconns
338 2952 441 3009 dicitur
455 2953 589 3024 sepelisse
612 2952 769 3009 Tarracinae
790 2968 838 3006 cor
859 2966 910 3006 ara
963 2957 1065 3027 pierres
1076 2956 1250 3020 ;rolemnitas
1261 2962 1459 3018 tameneorum,
1470 2962 1501 3009 ut
1523 2960 1628 3010 statuta
1643 2955 1747 3024 fuerat,
1761 2953 1790 3004 in

90 3030 183 3080 uncte
204 3024 376 3083 Domitillae.
392 3030 422 3079 et
441 3025 583 3080 sociarum
605 3025 756 3097 ejusque
780 2968 910 3078 sabptra·
964 3028 1250 3083 otiorumsanatorum
1263 3031 1368 3081 nomine
1377 3025 1486 3081 celebris
1504 3025 1662 3097 noncessit,
1688 3036 1790 3092 nempe

89 3094 147 3164 iano
156 3112 247 3165 passae
264 3099 343 3151 suni.
361 3096 398 3149 Ex
413 3113 469 3166 quo
481 3095 598 3167 quidam
622 3095 751 3151 efficiunt
778 3099 947 3172 sanctumc
964 3098 1090 3224 puinque
1103 3104 1272 3169 martyrum,
1287 3098 1335 3169 qni
1351 3098 1440 3153 inber
1448 3097 1532 3152 Missa
1545 3095 1739 3153 nominantur.
1748 3092 1792 3148 ita

92 3166 305 3248 Qiiufflmfl
319 3165 909 3248 fuissepassumsubCluudiojmperaiore‚
978 3186 1024 3251 ere
1039 3170 1224 3250 Usuardusiu
1242 3169 1443 3252 martyrologio
1460 3170 1523 3252 hec¹
1540 3168 1586 3224 die
1602 3184 1608 3222 :
1625 3166 1731 3248 Horum
1747 3182 1792 3218 no·

91 3253 139 3291 sire
152 3238 301 3309 intelligas
316 3238 467 3293 Claudium
485 3240 628 3294 Neronem
644 3237 837 3297 matricidam.
860 3251 910 3291 sea
964 3257 1039 3295 menn
1053 3258 1116 3295 eum
1126 3241 1238 3296 minime
1249 3248 1395 3311 mutuent
1405 3257 1522 3311 repetem
1535 3241 1604 3310 (qua
1619 3239 1792 3293 Domtnorc-

91 3306 698 3433 intelligasCteudiumillumimperatorem,
708 3324 793 3379 quem
804 3306 911 3361 mirum
964 3313 1070 3367 celante
1083 3311 1235 3383 intenjeetis
1249 3317 1330 3367 anais
1342 3317 1436 3394 postea
1448 3318 1552 3366 ostensa
1563 3312 1791 3380 sant),statutum
1869 3314 1874 3323 '

91 3376 114 3432 in
124 3395 167 3433 mo
189 3397 238 3435 um
254 3380 358 3435 laudat
370 3380 536 3447 Trebellius,
547 3380 594 3462 qui
611 3380 672 3451 ejus
684 3379 778 3434 Vitam
787 3377 909 3449 scripsit,
965 3390 1004 3438 err
1017 3382 1252 3438 necatricem-aria
1264 3382 1319 3437 dne
1341 3398 1460 3452 ipserum
1474 3381 1523 3437 snb
1537 3381 1691 3436 nominibus
1706 3395 1792 3449 supra
1870 3420 1877 3429 .
1894 3421 1898 3428 ,

90 3452 202 3520 eoquod
215 3450 605 3507 rixeritsanctuscaeserrus
622 3453 675 3507 sub
689 3450 811 3532 Trajano
826 3449 911 3519 impe·
966 3455 1098 3509 eremium
1127 3453 1390 3523 uinauemarlprnm
1404 3454 1578 3508 recoleretur.

89 3524 183 3577 ratore.
204 3522 294 3587 Quod
305 3538 375 3576 sane
390 3522 459 3577 mibi
475 3524 521 3577 vix
531 3539 565 3578 sc
588 3539 624 3577 ne
638 3522 682 3577 ria
703 3522 820 3593 quidem
846 3536 912 3591 pcr-
1001 3524 1050 3578 His
1065 3471 1237 3596 andragatus
1246 3523 1481 3595 Martyrologium
1497 3525 1658 3577 Romanum
1668 3540 1675 3576 :
1686 3521 1792 3575 Horam

89 3593 343 3665 euaderepossum.
360 3593 431 3658 Onia
444 3594 598 3649 auctoritas
613 3592 783 3650 Vitmeancti
795 3589 911 3647 (lanarii
965 3602 1055 3651 autem
1065 3596 1261 3666 nominetenus
1272 3595 1451 3665 postmodum,
1466 3594 1616 3663 interjectis
1627 3592 1720 3654 annia,
1738 3591 1791 3646 Da·

89 3668 112 3717 et
125 3664 246 3719 eliorum
267 3669 417 3720 auctorum
430 3663 594 3730 citatorum,
610 3665 635 3719 si
644 3680 755 3719 rnenon
764 3662 839 3718 fallit
850 3662 911 3718 eni·
964 3667 1037 3721 mino
1051 3666 1194 3730 reuelante,
1209 3667 1476 3737 ostentarunt),cam
1485 3665 1593 3719 minima
1603 3663 1792 3733 reperiritune

89 3749 153 3798 aras,
166 3751 224 3792 non
239 3735 357 3790 videtur
367 3737 565 3806 postponenda
577 3735 645 3792 salis
655 3735 731 3791 Actis
745 3739 911 3791 sanctorum
964 3738 1124 3806 potuissent,
1139 3741 1196 3791 etc.
1216 3738 1258 3791 ita
1274 3736 1363 3792 etiam
1379 3738 1440 3792 Ado
1457 3736 1486 3790 in
1501 3733 1703 3806 Martyrolagia
1716 3732 1792 3802 apud

88 3804 161 3861 Nerei
173 3811 202 3862 et
216 3805 343 3863 Achillei
369 3823 432 3877 quae
446 3807 469 3861 si
483 3823 539 3862 non
555 3812 622 3863 sunt
632 3807 686 3862 bac
701 3807 729 3861 in
745 3810 912 3876 partemen·
967 3808 1081 3865 Surium
1108 3825 1114 3863 1
1139 3808 1205 3863 Cum
1228 3815 1316 3862 antem
1332 3809 1446 3863 nomina
1460 3807 1575 3863 menime
1590 3805 1790 3877 reperirentur,

89 3876 158 3939 dosa,
174 3847 911 3935 duaaolimCaesariae'l'arracioarfloruissediverso
966 3883 1062 3936 statmt
1087 3880 1178 3934 beatus
1203 3878 1365 3935 Melcbiades
1379 3879 1524 3950 epiecopus,
1550 3885 1580 3933 ut
1601 3875 1793 3931 anniaersoria

89 3950 381 4019 temporedicendum
397 3953 450 4005 est.
966 3959 1082 4023 quatuor
1097 3950 1294 4006 coronatorem
1318 3950 1377 4005 dies
1397 3949 1446 4004 sub
1459 3948 1614 4005 nominebus
1637 3952 1794 4001 sanctorum

117 4022 207 4085 Onera
220 4037 294 4077 cum
309 4022 386 4091 apud
400 4019 514 4076 Surium
530 4019 633 4076 dicitur
646 4024 762 4075 sanetus
775 4017 912 4074 Canariae
966 4028 1081 4095 quinque
1096 4028 1250 4090 niortprnm
1262 4023 1438 4076 recoleretur.

89 4092 430 4163 pamnstempareiltoquc
444 4091 580 4147 Claudius
592 4091 698 4147 messuit
712 4097 838 4153 matrem,
854 4104 913 4144 cre·
1003 4094 1058 4149 Sed
1081 4092 1204 4163 quittari
1218 4097 1313 4173 potest
1331 4096 1363 4147 ut
1373 4091 1478 4147 borum
1491 4094 1614 4161 quatuor
1637 4088 1794 4143 Coronatu-

88 4160 205 4217 dendum
215 4168 267 4219 est
280 4162 356 4218 bane
371 4163 464 4217 iocum
480 4164 516 4218 ab
529 4162 629 4234 ignaro
650 4161 776 4233 quodam
795 4161 912 4216 bomine
966 4180 1030 4220 rum
1046 4163 1653 4233 nominaoblrvionimandarentnrtempore
1662 4158 1796 4214 Metabia·

92 4230 362 4303 iuissecorruptum.
966 4235 1010 4291 dis
1023 4251 1114 4305 papae,
1129 4251 1194 4289 cum
1208 4240 1269 4290 tum
1281 4235 1391 4289 illorum
1413 4250 1512 4289 recens
1536 4236 1610 4288 esset
1629 4234 1724 4286 Romae
1738 4230 1784 4284 me

120 4304 176 4359 tea.
199 4306 287 4368 Deus,
311 4305 360 4375 qni
372 4321 430 4369 uos,
446 4308 499 4359 eto.
525 4303 594 4358 Huic
608 4302 738 4358 Orationi
752 4302 780 4357 in
802 4301 912 4357 Codici·
967 4307 1060 4361 moria
1074 4306 1137 4361 tttti
1154 4305 1230 4361 enirn
1247 4305 1321 4375 pessi
1335 4310 1402 4360 sunt
1416 4306 1468 4360 sub
1480 4303 1665 4361 Diocletiano.
1678 4318 1735 4372 quo
1743 4302 1797 4356 im·

90 4372 307 4434 bustemensi
330 4374 482 4431 etRatoldi
497 4374 653 4429 bictitulus
678 4373 913 4446 praefigiturtdd
967 4382 1085 4449 perante
1112 4379 1210 4432 beatas
1238 4376 1409 4432 bielcbiades
1438 4376 1566 4442 sedebat,
1591 4390 1691 4430 eorum
1719 4370 1796 4427 Actis

90 4444 202 4523 birram.
224 4450 258 4503 tn
283 4447 388 4519 quibus
408 4445 472 4501 buia
487 4445 616 4501 Orationi
631 4446 808 4516 preponitur
822 4444 913 4499 altera
928 4471 949 4529 ὓ
967 4447 1144 4504 exstantibus
1158 4447 1245 4502 salsis
1267 4453 1296 4502 et
1308 4446 1436 4518 integris,
1465 4445 1562 4503 multis
1591 4449 1728 4516 praeterea
1750 4459 1797 4498 su-

90 4531 119 4570 cu
130 4534 160 4572 ns
172 4519 276 4574 titulus
293 4517 377 4572 estin
394 4516 497 4573 Codice
511 4517 663 4573 Rbemensi
680 4516 746 4570 :Ad
757 4516 911 4580 Culleolum,
967 4519 1129 4590 perstitibus
1143 4519 1312 4574 Christianis
1324 4518 1373 4589 qni
1388 4534 1436 4573 eos
1451 4521 1600 4573 noverant.

133 4589 616 4645 camanumnanetbumtannu.
632 4589 663 4642 lo
675 4587 777 4643 Codice
788 4586 910 4657 liutoldi,
1001 4590 1224 4661 Atcninus,cap.
1253 4590 1285 4643 31
1313 4589 1464 4645 dediriuis
1493 4587 1613 4651 Officiis,
1637 4586 1730 4647 aliter,
1746 4583 1795 4655 qni

91 4658 227 4714 eCollecta
241 4661 278 4714 ad
293 4666 417 4714 sanctium
424 4660 544 4715 Cosmum
554 4666 580 4714 et
593 4659 766 4715 Damionnm.
784 4659 909 4714 Rectius:
967 4677 1019 4716 nec
1030 4661 1124 4716 sotum
1140 4661 1315 4716 mentionem
1322 4659 1640 4716 oblivionisnominum.
1650 4655 1794 4713 sedetiam

89 4726 131 4782 rid
142 4730 300 4795 Cotlectum,
313 4728 911 4803 ete.0ratioautemestejnsmodi:Adesto,
967 4731 1021 4787 diei
1043 4732 1183 4803 passionis
1206 4733 1296 4788 lacit:
1320 4734 1442 4797 Ocelim
1466 4733 1662 4786 Coronatarum
1683 4729 1794 4782 nornine

91 4802 203 4865 maiae,
230 4809 387 4871 martyrum
412 4802 595 4872 deprecationi
612 4808 785 4865 sommum
811 4807 835 4855 ct
850 4818 913 4871 quos
967 4803 1023 4858 bec
1038 4809 1122 4858 sunt:
1145 4802 1231 4875 421
1248 4803 1369 4868 Seuerus,
1384 4802 1553 4864 Severianus,
1581 4800 1746 4866 Victorinus,
1769 4804 1794 4853 et

90 4872 143 4937 liii
156 4890 207 4943 ΡΝ
222 4880 271 4928 ¹¹⁴⁰
285 4872 391 4929 ”Omitte
408 4873 540 4937 irt'bttt'ttt',
554 4874 598 4944 t'oc
612 4873 667 4928 tuis
679 4871 914 4943 fidelibussutira·
969 4875 1171 4944 Carpophorus,
1186 4891 1301 4945 qnorum
1314 4873 1425 4928 nomina
1439 4882 1463 4927 et
1476 4873 1536 4931 dier
1550 4872 1649 4927 natatis
1661 4888 1711 4942 per
1720 4874 1795 4925 incre·

91 4943 157 5009 gari.
172 4943 238 4998 Per.
258 4944 310 5000 Ubi
330 4960 380 5014 per
393 4950 507 4999 sanctos
529 4949 671 5016 martyres
697 4942 785 5016 420
811 4941 914 4997 intelli·
968 4949 1044 5001 riam
1055 4946 1188 5015 neglectas
1203 4945 1313 4999 minime
1326 4945 1447 5014 reperiri
1456 4952 1579 5014 poterut,·
1594 4943 1651 4998 ideo
1662 4946 1793 4996 statutam

92 5015 169 5093 gandi
185 5019 257 5069 sunt
271 5017 375 5070 Cosma
389 5020 418 5069 et
432 5015 601 5083 Damianos,
615 5016 643 5070 in
658 5030 780 5086 quorum
796 5013 914 5069 ecclesia
968 5024 1008 5072 est
1018 5024 1049 5072 at
1060 5034 1091 5071 in
1103 5033 1195 5071 eorum
1210 5016 1321 5071 ecelesia
1334 5017 1450 5140 quispe
1460 5022 1622 5071 caeterorum
1644 5019 1795 5085 martyrum

94 5086 265 5140 mutabatur
278 5086 341 5141 brac
355 5086 454 5142 Oratio
468 5088 505 5142 ad
521 5086 675 5142 Collactam
691 5102 739 5141 seu
756 5085 914 5140 Processia
986 5105 1015 5143 ne
1031 5088 1151 5143 inblissa
1161 5089 1324 5151 recitantur,
1335 5093 1406 5141 nata
1417 5087 1439 5141 is
1450 5086 1609 5150 eebbretur,
1623 5085 1704 5139 idest
1716 5084 1797 5140 Clau·

95 5168 162 5216 aem,
173 5158 264 5228 justa
275 5156 418 5213 rationem
434 5174 452 5213 a
466 5158 547 5214 nobis
560 5173 646 5229 snpra
656 5156 841 5227 explicatam.
968 5107 1022 5224 du,
1033 5159 1197 5226 Nicostrati,
1211 5158 1418 5230 Spmpboriani,
1435 5157 1564 5222 Castorii,
1585 5162 1665 5229 atque
1682 5156 1798 5228 Simpli-

125 5287 138 5317 ²
157 5278 224 5334 iiaee
236 5278 336 5351 uigilia
347 5280 375 5334 in
392 5279 502 5337 dnobus
520 5281 623 5339 Theod.
641 5288 666 5336 et
682 5279 789 5337 &lensi
808 5288 917 5338 notatur
972 5282 1098 5350 Achillei,
1112 5288 1175 5351 etc,
1190 5282 1263 5338 unda
1274 5281 1303 5338 in
1314 5280 1556 5338 itlisconciliandis
1567 5281 1671 5340 frustra
1680 5277 1798 5337 laborari

95 5350 213 5425 uiuidus
230 5349 369 5407 Octobris.
392 5353 422 5407 Ia
437 5353 543 5409 Cemet.
566 5350 639 5408 nulla
651 5352 794 5421 assignata
822 5352 917 5425 vigilia
971 5360 1078 5410 censet.

96 5416 189 5540 Ιὸςιῑυτ
197 5438 271 5546 Ιχιίιι
288 5422 353 5478 idus
367 5423 500 5490 Octobris,
513 5432 575 5480 nat.
594 5431 751 5479 sanctarum
764 5422 918 5497 Martyrum
973 5424 1077 5553 Scite
1102 5425 1131 5480 in
1157 5424 1230 5483 Edit.
1263 5424 1385 5497 Ponet,
1409 5424 1598 5481 consentiente
1621 5422 1691 5480 Cod.
1719 5419 1793 5491 Reg.

115 5504 156 5543 ton
176 5508 224 5553 sie,
244 5509 297 5549 ec.
995 5513 1058 5553 uec.
1539 5530 1542 5539 ·

107 5558 140 5637 ,Β
204 5563 252 5617 bie
274 5564 348 5620 Actis
369 5563 437 5621 male
461 5565 546 5621 sentit
567 5564 746 5621 doctissimus
772 5565 917 5621 Tillemoo-
1007 5565 1159 5622 dHnbetur
1174 5565 1201 5621 in
1217 5567 1336 5633 Calensi,
1353 5568 1456 5623 Cernat.
1473 5564 1615 5621 etThaod.

96 5632 155 5698 bus,
180 5637 260 5689 tomo
281 5634 304 5690 lt
327 5636 587 5693 Commentariorum
611 5639 645 5693 ad
661 5636 732 5691 Hist.
753 5636 907 5694 ecclesiast.
1007 5646 1019 5675 ⁰
1040 5637 1150 5709 tegitur
1163 5638 1207 5693 bic
1224 5638 1319 5694 titulus
1333 5639 1360 5692 in
1373 5646 1488 5709 utraque
1501 5635 1607 5690 Theod.
1625 5630 1796 5711 [nomnibus

112 5705 296 5784 eminentium,
372 5706 455 5773 ,dila
480 5710 585 5774 namt,
604 5710 637 5765 da
658 5715 754 5764 sancta
782 5708 911 5765 Cesario.
973 5726 1036 5765 sero
1051 5712 1227 5765 temeransis
1252 5726 1333 5782 quam
1354 5726 1434 5763 manu
1458 5706 1577 5763 exaratis
1605 5701 1681 5758 tibris
1708 5703 1796 5761 Missa

130 5790 207 5833 niara
232 5792 288 5832 non
313 5795 326 5851 J
367 5780 421 5836 'cat
447 5778 519 5837 aba
537 5780 606 5837 Acta
638 5784 799 5838 sanctorum
825 5779 916 5853 Nerei,
971 5785 1128 5839 sanctorum
1139 5786 1256 5853 quatuor
1270 5782 1465 5837 Coronatoram
1477 5780 1581 5835 exstat.
