4062 6180
137 288 199 364 bia
481 278 619 375 ‚llis
641 282 820 360 renouati
840 287 980 357 iioauii
1000 287 1331 358 siuaiuunruuuii
1352 292 1461 358 nora
1788 297 1847 360 sii

177 432 220 488 l3.
237 430 411 487 Discendnm
427 432 517 485 estex
540 429 661 495 Codinu,
685 428 867 491 limositate,
893 427 969 483 circa
986 431 1009 491 Α
1025 427 1177 500 Gregorius
1198 426 1392 483 Nazianzenus
1419 431 1447 483 ct
1464 431 1578 483 sanctus
1591 428 1716 484 loannes
1730 428 1850 501 Chryso·

139 502 266 568 initium,
279 502 348 574 quid
364 500 401 557 sil
413 500 638 573 chartophylax:
654 499 684 552 ¹0
700 499 880 575 χαρτορὺλαξ,
907 518 968 574 spu·
1024 504 1135 554 stomus
1149 497 1225 553 iltius
1239 499 1405 562 meminere,
1422 498 1476 554 nisi
1496 499 1590 556 dicere
1606 500 1690 556 malis
1704 518 1753 558 eos
1765 503 1850 575 juxta

139 574 480 629 τῶντᾰἙκκλησιαστικά
504 578 616 647 χαρτῶα
645 567 822 644 uisurum,
845 576 913 641 ete,
941 570 969 624 id
1025 569 1170 640 mysticum
1182 586 1298 624 sensum
1313 568 1527 625 iuisselocutos,
1930 632 1934 639 ⁴

139 650 195 716 est,
218 642 396 718 quitahulas
423 643 511 699 habet
540 643 706 699 chartaceus
733 642 853 713 adjura
882 641 969 697 eccle·
1062 639 1122 695 785.
1138 640 1239 697 Oratio
1255 640 1295 696 ud
1322 641 1456 696 abbatem
1474 641 1656 709 laciendum.
1678 645 1709 698 lii
1736 643 1851 700 benedi·

139 717 262 774 siastica
273 715 459 788 pertinentes,
471 713 748 786 judexestomnium
761 730 913 770 causarum
927 728 969 768 ec·
1026 710 1120 767 ctione
1134 710 1246 766 abbatis
1262 726 1320 765 non
1334 711 1486 766 adhibetur
1501 728 1605 767 manus
1618 713 1775 785 impositio,
1800 716 1850 772 sed

140 787 383 847 clesiaslicarum.
398 787 544 858 cognoscit
556 786 591 841 de
619 784 712 841 causis
732 784 915 855 nuptialibus,
943 785 972 838 el
1027 782 1143 864 simplex
1159 782 1267 845 Oratio,
1284 786 1315 836 ut
1329 783 1412 837 docet
1423 782 1470 836 iro
1489 782 1681 849 Carnuteusis,
1698 785 1780 859 epist.
1792 788 1847 842 st:

142 859 281 916 defensor
292 858 321 913 in
332 857 442 914 caeteris
457 857 624 914 clericorum
649 856 751 920 causis,
777 858 809 915 ὡς
837 851 911 918 deiru
925 860 972 914 τῆς
1029 853 1708 923 OuideruoestdisreptuudumtaBenedictiorre
1721 858 1847 924 abbatia,

142 933 293 1012 Αρχιιρὲως
309 934 395 1004 χεὶρ,
411 928 440 984 id
459 932 512 995 est,
525 927 612 984 veluti
634 943 738 983 manus
751 925 857 982 sumini
881 940 973 981 sacer·
1028 925 1545 996 ttqttoauaneepiscoposatisfecerit
1560 929 1848 1000 consecutusneque

142 1004 220 1058 dotis
235 1002 365 1056 dextera.
1027 996 1119 1063 nectit
1129 1011 1234 1051 munus
1243 995 1400 1060 impositio,
1409 1011 1463 1051 aec
1473 998 1660 1062 consecratio,
1669 1000 1850 1066 sedsimuteu

178 1073 224 1129 lt.
240 1071 316 1137 Ouid
339 1072 376 1126 sit
400 1069 555 1144 ὠρορόριον,
575 1085 624 1125 seu
638 1068 797 1133 humerale,
818 1066 972 1123 ridendum
1030 1067 1141 1134 Oratio,
1156 1069 1210 1121 etc.
1222 1066 1302 1131 Quod
1314 1065 1350 1121 ab
1365 1066 1470 1121 Ordine
1496 1066 1628 1122 Romanu
1648 1084 1705 1123 non
1720 1069 1848 1136 dissidet,

142 1148 196 1209 est,
212 1143 292 1214 quod
302 1157 456 1198 commune
471 1140 656 1197 estomnibus
667 1138 808 1222 episcopis
821 1154 974 1194 ornamen-
1029 1137 1077 1209 qui
1094 1142 1191 1192 tamen
1211 1136 1438 1208 additquosdani
1452 1138 1647 1201 caeremonias,
1659 1156 1730 1211 quas
1742 1139 1849 1196 ibidem

143 1221 204 1271 lum
220 1212 348 1286 cujusvis
365 1212 470 1284 gradus
489 1211 556 1278 sint,
579 1212 709 1283 oblongis
732 1209 852 1267 sudariis
867 1208 971 1274 simile,
1028 1209 1125 1265 ridere
1137 1212 1190 1270 est,
1206 1207 1234 1262 iu
1248 1225 1304 1279 quo
1319 1213 1416 1263 tauien
1430 1209 1607 1264 consecratio
1622 1210 1746 1267 sumitur
1764 1212 1850 1267 latius

143 1285 259 1358 quodin
273 1282 445 1357 patriarchis
457 1288 486 1337 et
497 1281 716 1353 archiepiscopis
725 1281 856 1353 designat
868 1281 973 1336 stolam
1030 1297 1080 1406 ρνο
1096 1278 1310 1335 Benedictioue.
1338 1280 1379 1333 lta
1397 1280 1427 1336 in
1445 1279 1569 1334 Ecclesia
1584 1281 1685 1336 Latina
1698 1301 1704 1349 ;
1717 1299 1798 1338 secus
1822 1283 1850 1338 in

147 1356 269 1414 aaronis
289 1354 366 1411 circa
387 1354 537 1410 humerum
563 1353 713 1408 sinistrum
731 1352 919 1423 compositam
946 1355 976 1407 et
1055 1367 1139 1406 raeca.
1155 1351 1184 1404 ln
1205 1366 1238 1406 ea
1255 1350 1333 1405 enim
1344 1350 1432 1405 abhas
1448 1366 1496 1420 per
1510 1350 1724 1422 impositionem
1749 1370 1851 1409 munus

146 1428 153 1440 Ο

141 1444 247 1555 ριςιιω
262 1423 595 1482 mandatorumchristi,
611 1423 795 1506 inepiscopis
809 1439 874 1478 reio
888 1422 975 1494 signi·
1030 1420 1334 1493 episcopaliscreatur,
1360 1423 1750 1505 utapparetexsynodirii
1780 1440 1846 1480 cau.

163 1496 471 1568 catoremperditam,
486 1511 573 1567 quam
588 1494 728 1551 Dominus
742 1510 827 1565 super
840 1494 975 1550 humeros
1032 1494 1064 1548 lli
1081 1509 1087 1548 :
1105 1492 1231 1548 Lectores
1246 1498 1343 1548 uelem
1355 1507 1498 1547 munuum
1512 1493 1723 1562 impositionem
1741 1498 1808 1552 ticet
1820 1498 1852 1551 ira

143 1569 306 1653 reportarit
321 1584 328 1634 ;
343 1568 485 1637 habetque
500 1582 606 1631 cruces,
628 1566 695 1637 quia
711 1565 823 1622 Chritus
848 1565 975 1621 humeris
1028 1563 1152 1633 propriu
1166 1562 1440 1619 monasterioetium
1450 1563 1506 1618 soti
1515 1563 1853 1647 uuicuiquemonusterii

144 1658 203 1697 suis
219 1655 337 1697 crucem
352 1637 493 1711 bajulavit
504 1655 514 1708 ;
526 1643 554 1693 et
568 1635 614 1708 qui
628 1636 728 1692 volunt
745 1635 889 1692 Christum
911 1635 975 1691 imi·
1028 1636 1166 1706 praesecto
1179 1633 1287 1702 lucere,
1304 1632 1326 1685 εἰ
1340 1633 1410 1703 αὐτῷ
1425 1641 1461 1704 τῲ
1471 1639 1604 1707 ήρονρένρ
1620 1638 1723 1694 matti
1737 1640 1854 1709 χενρρθ..

144 1713 212 1775 lari,
228 1726 345 1767 crucem
356 1707 483 1765 humeris
495 1706 554 1763 suis
566 1707 680 1776 tollunt,
696 1708 771 1779 quod
788 1713 831 1764 est
852 1707 975 1764 adversi·
1032 1710 1077 1758 σία
1093 1706 1165 1780 παρὰ
1176 1703 1334 1758 'asininos
1358 1708 1420 1777 πρὸς
1445 1702 1586 1779 προεδρίαν
1611 1709 1766 1780 ἡγουμένου,
1779 1712 1853 1781 ete,

143 1788 239 1839 totuin
261 1780 426 1837 tolerantia.
448 1781 491 1835 lta
509 1779 592 1835 docet
606 1782 721 1834 sanctus
740 1780 899 1834 Germanus
927 1795 974 1849 pa·
989 1787 1013 1846 B
1030 1776 1058 1831 id
1074 1775 1161 1840 est,si
1174 1776 1232 1844 ipsi
1245 1776 1420 1846 praesulcet
1434 1776 1567 1845 episcopo
1584 1794 1690 1833 munus
1704 1787 1747 1836 est
1761 1780 1853 1850 impo-

143 1853 275 1910 triarcha
298 1850 632 1921 Constantinopolitanns
655 1850 685 1904 in
706 1848 971 1921 Theoriamystica.
1030 1848 1097 1912 situ,
1127 1846 1167 1902 ud
1197 1845 1311 1901 abbatis
1336 1846 1558 1914 presidentium
1586 1864 1637 1903 sea
1664 1850 1851 1922 alienitatem,

143 1924 279 1982 Meminit
308 1926 424 1979 sanctim
455 1921 577 1977 lsidorus
596 1920 746 1984 Pelusiota,
775 1920 826 1977 lib.
853 1939 871 1988 i,
891 1920 974 1992 epist.
1030 1916 1687 1987 dummoduitturapresbpterumessecoustet.

145 1996 217 2051 isa:
234 2000 271 2049 Τὸ
287 1992 318 2047 δι’
332 2002 378 2045 τοῦ
391 1993 553 2046 'hernioso
567 1992 711 2066 ὠρορὸριον
728 1991 754 2055 ἐξ
779 1990 849 2066 ἐρέας
867 1993 905 2059 ὅν,
922 1990 976 2043 ἀλλ’
1066 1992 1128 2044 786.
1148 1988 1296 2054 Incipiunt
1318 1989 1472 2056 itpotuuiae.
1488 1989 1627 2061 Apologia
1648 1990 1703 2046 hoc
1720 1990 1783 2047 loco
1810 1997 1854 2049 ast

144 2068 174 2121 ui
189 2066 274 2122 λίνου.
288 2069 336 2124 τὴν
350 2072 396 2117 τοῦ
409 2063 539 2139 spudasio
555 2059 635 2137 δορὰν
652 2067 784 2135 caputia,
801 2063 830 2117 id
849 2068 902 2126 est,
917 2062 975 2133 epi·
1030 2058 1184 2119 excusatio,
1201 2061 1230 2113 et
1241 2058 1380 2183 purgatio,
1397 2075 1453 2129 qua
1467 2061 1600 2115 sacerdos
1619 2066 1735 2117 excusat
1755 2080 1796 2129 se,
1819 2079 1853 2120 eo

145 2138 227 2211 scopi
242 2136 393 2191 humerale
401 2152 434 2191 ex
450 2135 527 2201 lana,
550 2150 607 2189 non
624 2151 657 2190 ex
672 2133 742 2199 lino,
762 2134 905 2205 significat
921 2133 978 2205 pel·
1031 2132 1107 2202 quod
1118 2129 1283 2199 indignusa
1317 2134 1377 2184 tam
1394 2132 1558 2186 veneranda
1577 2136 1606 2186 et
1624 2135 1776 2189 tremenda
1793 2151 1853 2205 my·

144 2208 522 2276 leuioriserrantis,quam
537 2204 978 2261 Ouiniuushumeriasuissustu·
1032 2201 1118 2257 steria
1134 2202 1261 2256 accedat.
1277 2200 1384 2255 Glosste
1404 2205 1513 2257 veteres
1529 2204 1778 2274 mss.,uuotoyiu,
1807 2207 1854 2263 vet

143 2280 189 2335 tit.
210 2278 321 2334 Mentio
337 2276 370 2332 iii
384 2276 413 2332 in
423 2277 533 2349 synodo
548 2276 586 2332 ad
598 2293 746 2347 quercum,
758 2276 788 2331 in
801 2275 977 2334 Bibliotheca
1031 2272 1206 2341 apolenaris,
1215 2272 1373 2328 excusatio.
1386 2272 1486 2327 Hiucu
1505 2274 1855 2343 olopeticassermoeacu·

144 2350 255 2415 Photii,
274 2348 359 2417 aba,
372 2347 420 2404 uhi
438 2352 588 2403 accusatur
601 2351 716 2402 sauctus
741 2348 864 2402 loannes
891 2347 977 2420 Chry·
1030 2289 1856 2425 satiauesslossreveteresGraecoiiatinanuuoloytauncusa·

144 2427 301 2491 eustonius,
321 2421 398 2491 quod
412 2416 641 2474 tribusdiaeouis
654 2417 768 2483 acano,
794 2417 924 2488 Edaphio
948 2422 978 2475 et
1031 2414 1080 2479 tiu,
1098 2421 1249 2484 pui‘pattu,
1265 2414 1441 2482 satisfactio.
1454 2413 1506 2469 Ubi
1520 2414 1679 2470 satisfactio
1688 2422 1731 2472 est
1741 2433 1856 2474 excusu-

142 2491 311 2555 loannihi
332 2494 361 2542 τὸ
377 2490 614 2563 ὼρορόρινναύτού
626 2488 780 2561 κλέψαντας,
794 2490 823 2544 id
840 2495 894 2554 est,
912 2494 977 2544 tan·
1029 2484 1081 2546 tio,
1098 2487 1129 2539 ut
1141 2485 1216 2556 apud
1240 2490 1368 2539 sanctum
1386 2484 1579 2550 Ambrosium,
1596 2502 1682 2542 serm.
1699 2489 1734 2543 46
1749 2507 1756 2547 :
1773 2489 1817 2543 Er
1838 2504 1855 2545 u

143 2579 237 2637 quam
250 2564 314 2632 ejiis
328 2560 478 2617 humerale
493 2559 568 2615 turta
579 2559 754 2626 sustulerint,
771 2561 847 2616 diem
863 2560 974 2617 dixerit.
1029 2556 1134 2612 Petrus
1140 2555 1274 2626 prorupit
1281 2553 1322 2611 ud
1327 2557 1484 2626 lueremus,
1495 2555 1575 2612 nihil
1583 2571 1650 2613 uoce
1656 2567 1804 2626 precatus.
1823 2577 1856 2617 a·

182 2635 219 2689 lb
243 2632 464 2689 Observandum
492 2634 546 2696 est,
568 2647 632 2685 cum
652 2631 781 2702 signatur
799 2631 975 2687 ordinandus
1029 2626 1332 2698 venioquodstenerit,
1345 2626 1855 2702 nnniniientoqutdaisnituucry-

142 2706 309 2777 episcopus,
323 2702 393 2758 olim
408 2702 463 2758 dici
478 2702 590 2758 solitum
607 2716 614 2756 ε
628 2703 803 2776 Σρραρίζιται
817 2699 976 2757 tertiaeet
1029 2697 1475 2767 musejustepasutissactiouem
1485 2701 1717 2768 bontacurtem
1725 2701 1855 2758 sanePe·

142 2775 326 2851 epredvripou
337 2772 373 2837 εἰς
389 2771 706 2844 Ἐπίσκοπονένόνόματι
730 2778 830 2847 Πατρός
844 2780 889 2827 καὶ
902 2777 974 2839 riuti,
1029 2774 1092 2824 trus
1108 2767 1854 2893 fleuitaeltacttt'lffut'aquuddeilert‘soietmottsolet
1904 2780 1922 2819 “,

142 2854 193 2900 καὶ
209 2848 289 2919 ἁγίου
310 2848 469 2916 {tempusue
489 2844 518 2899 ld
534 2843 795 2916 asnatgnaluril.
816 2847 975 2918 expreshy·
1030 2838 1226 2903 excusatae
1243 2838 1322 2910 quod
1358 2840 1525 2896 etmuiaon
1540 2841 1851 2913 potesaubtuipoiest.

144 2924 211 2975 tero
225 2916 359 2989 inepisco
382 2932 440 2972 uni.
457 2915 486 2970 in
500 2914 617 2971 nomine
628 2915 732 2980 Patris,
742 2920 771 2971 et
781 2915 852 2980 Filii,
868 2922 897 2972 et
911 2917 977 2987 Spi·
1030 2910 1096 2975 Ouae
1112 2910 1278 2966 verbosatio
1292 2911 1447 2965 ostendunt
1466 2910 1693 2967 satisfactionem
1712 2913 1787 2969 sumi
1803 2931 1854 2987 pro

144 2990 221 3046 ritus
234 2988 340 3044 sancti.
356 2934 496 3044 §imiliter
509 2986 538 3041 iu
551 2985 708 3058 presbyteri
723 2991 752 3043 cl
770 2986 883 3042 diaconi
903 2987 976 3042 ordi·
1030 2980 1223 3063 excusatione.
1237 2980 1277 3035 lhi
1292 2979 1368 3036 enim
1379 2981 1526 3062 contuntur
1537 2984 1720 3054 Adamqnise
1738 3002 1854 3043 excusa·

144 3058 278 3122 natione,
296 3064 327 3113 ut
341 3059 423 3114 docet
437 3061 553 3113 sauctus
580 3057 732 3119 Maximus,
752 3057 783 3113 in
805 3057 920 3114 scholiis
940 3058 977 3112 ad
1032 3056 1146 3107 rituum
1163 3062 1261 3106 sancto
1274 3051 1355 3106 Petro
1370 3068 1417 3123 qui
1434 3068 1491 3107 non
1506 3069 1536 3108 se
1550 3054 1704 3121 excusarit,
1730 3058 1779 3111 sed
1808 3057 1856 3114 lte-

144 3148 211 3203 cap.
223 3132 241 3186 ὅ
251 3129 342 3186 sancti
355 3128 494 3200 Dionysii,
509 3144 573 3199 quie
588 3134 686 3184 lamen
696 3130 783 3186 verba
796 3145 854 3184 nou
866 3133 1014 3202 exstante
1031 3121 1081 3177 rit.
1099 3123 1131 3177 ut
1141 3124 1293 3178 rerborum
1307 3122 1497 3195 ἀπολογοῦμαι.
1516 3124 1626 3181 liudem
1641 3125 1748 3182 Glossoe
1763 3126 1854 3180 tuolo-

147 3203 181 3258 in
196 3201 382 3272 Euchologio‚
397 3217 460 3272 quaa
474 3203 590 3255 sanctus
602 3200 740 3255 Maximus
761 3200 887 3271 appellat
900 3199 978 3275 atui·
1031 3201 1140 3276 γοῦριαι,
1159 3209 1266 3251 excuso
1290 3209 1343 3250 me.
1359 3195 1457 3264 ltaque
1469 3194 1499 3249 in
1512 3195 1615 3251 Codice
1629 3197 1753 3253 liodradi
1768 3201 1855 3254 modo
1872 3208 1878 3213 '

153 3274 240 3340 ἠσιν,
256 3288 319 3344 quar
330 3271 616 3342 estrelutiquoedam
631 3270 976 3341 praedicatioexnomine.
1033 3265 1136 3320 dicitur
1153 3264 1295 3336 apologia,
1319 3265 1576 3322 modoexeusatio.
1601 3267 1657 3323 llas
1697 3273 1726 3324 et
1748 3269 1857 3326 similes
1929 3272 1933 3279 ’

146 3294 298 3427 iiiusmndi
312 3347 409 3399 autem
423 3341 600 3413 signationes
610 3345 729 3413 sumptae
743 3346 810 3398 sunl
821 3358 855 3398 ex
877 3346 977 3398 sancto
1032 3336 1179 3417 apologias
1194 3335 1308 3391 dicebat
1321 3337 1453 3418 sacerdos
1467 3336 1496 3390 iu
1517 3335 1580 3407 ipsa
1603 3337 1688 3394 Missa
1705 3344 1772 3396 ante
1800 3341 1858 3397 nu-

147 3415 297 3487 Dionysio,
307 3413 507 3486 capitecitato.
1032 3411 1139 3463 lorium
1154 3410 1183 3463 et
1196 3407 1453 3472 consecrationem,
1466 3407 1559 3463 rarius
1575 3413 1648 3478 post,
1669 3411 1738 3466 dum
1753 3412 1857 3469 chorus

184 3489 231 3542 io.
248 3486 383 3542 Notanda
404 3488 473 3539 sunl
497 3484 558 3538 haec
581 3482 678 3548 rerba,
695 3485 710 3543 ἡ
726 3486 782 3537 θεῖα
804 3485 843 3556 χά
863 3504 895 3551 ις,
916 3488 973 3542 etc.
1031 3482 1170 3547 cantaret,
1185 3482 1216 3533 ut
1237 3477 1334 3533 videre
1357 3481 1401 3534 est
1423 3494 1509 3549 supra
1530 3478 1559 3533 in
1570 3479 1658 3536 Missa
1685 3481 1796 3539 Codicis
1814 3484 1857 3541 ii·

151 3560 224 3614 Usus
233 3557 314 3614 enim
329 3571 427 3612 eorum
448 3555 517 3610 satis
530 3554 665 3636 antiquus
679 3558 734 3624 est,
747 3555 771 3610 si
785 3503 902 3626 quiiem
917 3554 978 3611 illo·
1030 3547 1110 3604 litini-
1176 3618 1209 3630 Η
1318 3618 1347 3631 ..
1550 3620 1556 3631 .

150 3645 216 3685 rum
241 3626 376 3683 meminit
393 3630 509 3685 sanctus
533 3625 671 3681 Maximus
697 3625 726 3680 in
755 3630 839 3698 capul
857 3626 977 3682 citatum
1067 3618 1409 3675 lnCodicibuseditiset
1432 3620 1558 3675 Rodradi
1580 3621 1761 3693 reperiuntur
1784 3640 1856 3681 non·

150 3700 243 3756 meli
265 3696 392 3770 Dionysii
410 3716 417 3754 ι
438 3698 511 3753 Haec
537 3703 636 3753 nutem
660 3696 862 3753 recitationem
882 3705 975 3763 vorat,
1031 3691 1116 3746 nulla
1127 3689 1273 3770 apologiae.
1291 3690 1340 3744 sed
1355 3690 1512 3761 pauciores,
1523 3707 1611 3762 quain
1622 3692 1650 3747 in
1667 3693 1720 3748 hoc
1733 3693 1850 3755 Codice.

150 3768 978 3845 quandoinipsuordinationem-oriurittutstuysuuorolot·
1032 3760 1113 3816 Prior
1128 3761 1238 3818 Codicis
1252 3760 1376 3816 Rodradi
1389 3761 1441 3816 sub
1456 3760 1510 3816 hoc
1522 3762 1605 3817 titulo
1621 3780 1626 3816 1
1644 3764 1854 3824 HuncOratto·

150 3860 224 3915 prm
244 3843 260 3899 i
283 3843 340 3893 Otia
359 3842 438 3914 χάρις
451 3842 620 3921 προχιίριται
638 3835 713 3891 aduris
728 3839 763 3901 ιίς
777 3820 864 3909 ealle:
883 3839 912 3895 id
923 3843 976 3904 est,
1031 3848 1097 3888 rtem
1106 3833 1570 3915 bealttsrimbrosiusconiposttit;
1583 3841 1608 3890 el
1617 3843 1777 3907 autequam
1788 3839 1855 3897 Mis·

150 3911 881 3982 diuinupratiatuucquiordiuuturpromouetud
898 3911 978 3968 huuc
1032 3918 1095 3960 sum
1108 3903 1278 3969 celebraret,
1291 3911 1387 3960 emeat
1396 3918 1452 3971 pru
1465 3919 1526 3960 suis
1536 3909 1664 3971 peccatis
1677 3909 1854 3975 postulando

151 3986 297 4041 ordinetis.
1033 3991 1139 4031 canem
1148 3975 1267 4042 solebat,
1278 3975 1333 4030 tue
1342 3973 1543 4039 raudadieens
1558 3976 1656 4034 :Ante
1669 3988 1855 4048 conspectum

185 4056 231 4112 ti.
263 4050 397 4109 Notaoda
424 4054 492 4106 sunt
523 4049 583 4106 heac
616 4052 711 4117 rerba,
740 4051 978 4122 proserouDei3
1032 4045 1580 4127 divinitMuthlattttuaertutsstsist0‚
1594 4049 1855 4112 eleutherniae

150 4124 305 4181 nemetim
332 4123 416 4178 aliter
434 4122 603 4187 habebatur,
634 4127 669 4178 ut'
683 4127 796 4179 constat
819 4139 853 4179 ex
876 4125 979 4179 eudem
1032 4116 1154 4185 Titiano,
1165 4119 1215 4171 sed
1226 4132 1255 4171 in
1268 4117 1438 4198 quibusdam
1454 4116 1568 4184 rarial;
1585 4118 1728 4175 ubieliam
1754 4122 1856 4179 recita·

150 4194 547 4266 llaximoincaputcitatum.
560 4195 681 4261 (tuaest
694 4193 726 4249 iu
739 4195 980 4250 ordinationibus
1033 4192 1160 4243 tutante
1175 4187 1359 4243 Oilertorium
1378 4203 1385 4254 ;
1412 4193 1441 4244 et
1452 4187 1493 4242 ita
1507 4189 1662 4259 capiendus
1689 4196 1731 4246 est
1756 4193 1856 4249 diulus

150 4267 327 4329 declaratio,
335 4264 416 4322 verbi
423 4263 978 4339 urationiordinatioueepiscopi:'trip
1033 4260 1171 4327 Bouiani,
1184 4258 1229 4313 ubi
1241 4258 1345 4321 dicitur
1356 4260 1430 4314 banc
1450 4259 1617 4316 Orationem
1633 4278 1650 4317 a
1668 4266 1767 4318 sancto
1788 4267 1855 4319 itm·

149 4347 197 4392 τοῦ
211 4332 496 4409 ὼρίονπατρὸςτοῡδε.
509 4334 566 4388 Ἐπὶ
582 4331 810 4411 dissuaderem,
824 4334 898 4407 ’Υπὲρ
921 4345 977 4388 τοῦ·
1035 4331 1129 4385 brosio
1156 4330 1271 4384 solitam
1297 4328 1410 4385 recitari
1438 4336 1506 4386 ante
1525 4331 1652 4387 Missam.
1683 4332 1756 4389 Nam
1771 4336 1856 4393 Missa

149 4407 180 4463 δι
194 4408 386 4483 πρισὸντὲρου.
400 4405 458 4461 Ἐπὶ
480 4404 509 4460 dt
524 4402 657 4477 διακόνου,
673 4406 749 4480 ’Υπὲρ
771 4402 849 4459 τοῦδε
867 4403 979 4480 diripui
1033 4401 1146 4473 proprie
1160 4400 1260 4471 incipit
1274 4401 1309 4455 ab
1320 4400 1481 4467 Olt'erlorio,
1497 4408 1528 4456 ut
1542 4402 1651 4458 clarum
1676 4410 1766 4461 estex
1794 4406 1856 4477 ipso

148 4483 235 4554 ipat,
249 4486 296 4532 τοῦ
311 4475 445 4532 διακόνου.
466 4478 496 4532 ld
518 4482 561 4533 est
574 4494 580 4531 ε
592 4477 650 4534 Pro
671 4484 774 4535 sancto
803 4477 894 4535 Patre
920 4484 979 4547 epi·
995 4500 1018 4559 D
1033 4477 1132 4528 sancto
1144 4472 1303 4539 Ambrosio,
1316 4472 1364 4526 lib.
1378 4489 1403 4536 v,
1419 4471 1503 4542 epist.
1523 4473 1568 4540 33,
1583 4475 1621 4530 sd
1635 4476 1719 4531 Marci
1730 4476 1829 4533 llinam
1847 4494 1854 4535 z

147 4551 318 4619 senionia
330 4549 507 4620 presbyteri,
518 4564 574 4617 pro
583 4550 757 4621 presbytero
769 4550 802 4605 N.
810 4551 841 4604 iu
847 4549 976 4614 diaconi,
1033 4542 1175 4614 Sequenti
1181 4543 1230 4598 die
1241 4544 1316 4624 (erut
1326 4550 1423 4599 uatem
1434 4543 1598 4616 Dominica)
1607 4553 1670 4614 pust
1680 4548 1817 4606 lectiones
1827 4554 1856 4606 ct

147 4639 207 4695 pro
218 4624 323 4692 fratre
334 4628 432 4677 rostro
444 4622 475 4676 N.
491 4619 627 4677 diacono.
1032 4614 1739 4687 tractatumdtmtssiscatechumenisSymbotum
1748 4619 1856 4692 uliqui-

189 4694 222 4749 l8
236 4694 312 4749 Nota
332 4691 546 4751 salutationem,
573 4691 655 4762 cujus
681 4690 726 4746 hic
750 4691 849 4746 crebra
872 4689 977 4747 mentio
1032 4685 1348 4754 buscumpeteutibusiu
1360 4686 1534 4753 baptisteriis
1548 4689 1693 4749 tradebam
1710 4690 1850 4748 basilica.

149 4770 206 4831 est,
227 4764 318 4838 526
340 4778 399 4818 non
422 4778 483 4818 esse
504 4761 664 4833 simplicem
688 4761 900 4831 salutationem,
928 4763 978 4818 sed
1031 4755 1623 4840 tlticnuntiatamestmilitcompertoquod
1638 4760 1678 4815 ad
1691 4761 1856 4817 Porciorum

148 4853 213 4892 eain
228 4852 293 4892 esse
305 4851 367 4905 quae
381 4851 446 4890 cuin
458 4834 602 4906 amplexu,
627 4832 760 4889 amicitiae
779 4832 881 4903 gratia,
909 4832 973 4890 liat.
1033 4828 1184 4885 basilicum
1202 4829 1238 4884 de
1257 4827 1506 4897 palutioctecuuos
1522 4829 1707 4894 misissemus
1719 4834 1855 4901 vetusius·

147 4909 226 4966 Nam
246 4905 488 4967 mediterraneo
508 4909 553 4960 cst
576 4903 744 4975 simpliciter
764 4900 900 4971 salutare,
927 4905 977 4960 sed
1029 4899 1429 4981 penderent,popalipartem
1467 4899 1855 4972 27euper9are3epotamen

148 4995 221 5036 enm
248 4976 392 5049 amplexu,
412 4978 528 5038 ὑπὸτῆς
551 4974 780 5048 puluinaribus,
797 4975 826 5030 id
854 4980 907 5041 est,
929 4992 978 5044 per
1030 4985 1124 5025 munst
1137 4985 1168 5024 ta
1177 4971 1422 5036 muneremunere
1449 4973 1857 5045 ocercroepi.Dumofferora·

149 5048 312 5107 amicitiam
327 5046 474 5120 conjungi,
489 5047 529 5102 ait
541 5046 761 5119 etymologicam
773 5052 862 5101 retus.
874 5048 976 5114 Quare,
1029 5050 1111 5112 ptum
1122 5039 1242 5110 cuononi
1250 5041 1392 5121 uipuputo
1407 5041 1562 5098 Castalium
1575 5043 1743 5124 quenulam,
1769 5060 1855 5127 qvem

149 5120 227 5178 ntin
270 5121 294 5175 it
311 5127 427 5175 sanctus
454 5119 616 5189 Dionysius,
636 5134 698 5188 cup.
714 5119 731 5173 5
749 5117 819 5174 eccl.
848 5116 975 5182 literar,
1030 5111 1759 5194 presbeterumdirerenotilrturri.UhividesMissam
1769 5116 1855 5189 incipi

149 5195 229 5248 unde
260 5207 303 5247 aec
314 5194 358 5246 est
370 5190 551 5246 emendicata
563 5188 860 5262 salutatio,ejusmodi
872 5189 977 5244 saluta·
1032 5184 1157 5238 dimissis
1172 5180 1380 5238 catechumenis
1392 5185 1553 5254 traditoque
1564 5189 1604 5240 ets
1631 5187 1778 5258 Symbola,
1808 5187 1857 5259 qui

148 5263 231 5319 tione
245 5260 423 5333 significatur
436 5277 518 5316 sacru
532 5261 710 5327 communio,
723 5260 912 5330 amabilisque
930 5257 977 5315 lea·
1032 5257 1254 5335 lamentantium
1270 5253 1487 5336 dimittebantur
1500 5256 1575 5311 dicto
1594 5257 1760 5329 Evangelio.
1776 5261 1857 5314 com-

149 5334 216 5390 titia
235 5331 379 5389 mentium
400 5334 470 5388 bene
489 5331 563 5387 inter
577 5348 608 5387 se
621 5332 864 5388 convenientium.
1031 5329 1160 5397 petentes
1173 5341 1249 5381 enim
1259 5329 1327 5380 sunt
1340 5324 1380 5379 illi
1394 5327 1592 5383 catechumeni
1606 5329 1653 5400 qui
1680 5330 1856 5401 baptismum

186 5406 230 5461 19.
248 5403 464 5461 Observandum
480 5405 523 5457 est
534 5402 627 5458 nullas
640 5402 741 5459 esseio
753 5404 806 5458 hoc
839 5400 978 5457 Euchoto-
1032 5397 1178 5469 petebant,
1191 5398 1227 5452 de
1241 5396 1343 5467 quibus
1358 5412 1444 5467 supra
1458 5402 1552 5453 aetum
1568 5405 1620 5454 est.

146 5477 196 5549 gio
212 5475 364 5531 unctiones
376 5473 641 5529 inordinationibus
662 5474 787 5544 episcopi
806 5476 835 5528 et
863 5473 976 5554 presby·
1067 5468 1132 5525 787.
1156 5466 1282 5550 Impellit
1292 5470 1478 5523 ministrandi
1493 5470 1692 5538 officiumetc.
1708 5469 1772 5524 flac
1788 5484 1856 5540 apo·
1941 5527 1945 5535 ,

148 5549 217 5604 teri·
247 5547 303 5602 uod
316 5545 468 5616 contigisse
478 5544 595 5616 quidem
612 5546 745 5611 arbitror,
761 5544 828 5615 quia
843 5543 933 5599 terme
947 5559 978 5597 in
1032 5539 1109 5607 logia
1125 5539 1152 5593 in
1169 5539 1385 5594 Missaullatth.
1402 5539 1512 5610 illyrico
1524 5540 1599 5595 edita
1611 5540 1746 5594 recitatur
1759 5556 1775 5593 a
1786 5556 1854 5620 pon·

148 5618 230 5675 omn'
254 5617 428 5687 assequitur
441 5620 570 5671 sanctum
581 5615 758 5688 Dionysium,
775 5613 923 5686 quicapile
936 5618 977 5668 to·
1032 5610 1179 5666 tilicecum
1192 5608 1338 5666 nonnullis
1357 5609 1431 5674 aliis,
1448 5610 1534 5667 choro
1545 5608 1677 5672 Gradale,
1693 5610 1815 5666 Alleluia
1827 5614 1857 5669 et

146 5690 204 5747 ties
216 5690 308 5745 citato
327 5687 434 5745 nullam
462 5687 490 5742 iu
519 5685 563 5742 his
590 5686 819 5743 ordinationibus
834 5684 978 5742 unctionis
1033 5682 1216 5753 Sequentiam
1232 5685 1364 5748 canente,
1378 5682 1425 5736 ubi
1440 5681 1543 5753 legitur
1554 5681 1678 5751 impellit
1693 5696 1739 5739 me
1757 5698 1855 5753 peccu-

149 5759 220 5818 l'ecit
234 5757 426 5825 mentionem,
438 5775 501 5841 qum
516 5760 610 5814 taruco
625 5757 693 5814 oliui
710 5758 797 5815 etiam
814 5758 889 5841 apud
902 5757 978 5813 Gra·
1034 5763 1133 5810 turem.

148 5849 200 5892 coa
214 5831 244 5890 iii
260 5848 315 5890 usu
325 5828 414 5888 tuisse
425 5832 545 5900 ridetur,
571 5829 639 5902 quia
652 5846 738 5904 sopra
758 5830 838 5887 citati
862 5834 980 5886 sanetus
1068 5824 1130 5880 788.
1144 5825 1250 5881 Hostia
1263 5823 1420 5881 salutaria.
1430 5823 1678 5898 Locnscnrruptus
1692 5842 1700 5900 ;
1713 5824 1776 5902 lege
1785 5826 1856 5895 utin
