4052 6186
130 2186 136 2193 ,
244 2130 423 2209 ruut'regna,
436 2124 546 2198 operati
559 2128 626 2181 sunt
635 2124 791 2198 justitiam,
807 2141 825 2180 a

231 265 290 326 82³

848 226 1312 319 suuorronmoruuanur
1859 259 1905 317 ns

233 391 381 449 coelorum.
398 387 473 446 Vens.
507 388 604 446 Sancti
619 404 669 458 per
683 388 780 453 fidem,
804 392 837 441 nt
862 403 956 457 surpra.
972 385 1054 456 Resp.
1074 391 1097 446 A
1112 384 1245 439 virtutem
1260 388 1351 447 tuero,
1377 382 1505 437 Domine.
1528 382 1597 435 Ant.
1614 381 1644 434 ln
1659 380 1815 436 velamento
1833 386 1909 440 sancti

235 460 402 519 Dentiestis.
418 460 510 515 suncti
528 459 575 514 Dei
590 474 700 521 omnes,
717 457 764 529 qui
777 458 922 513 meruistis
946 472 1060 512 consor·

235 540 277 588 tes
287 531 349 586 steri
358 532 518 587 caelestium
532 530 679 588 virtutum,
693 534 722 585 et
750 528 857 600 perfrui
872 533 987 584 aeternae
1002 527 1059 581 cla-

1113 455 1164 519 tui,
1179 455 1309 518 Domine,
1320 454 1486 510 clamabunt
1499 452 1625 507 <licentes
1637 467 1643 506 :
1655 453 1737 515 Deus,
1747 453 1817 507 Deus
1834 470 1908 521 meus,

1113 524 1201 592 altat,
1226 525 1304 581 attet.
1342 524 1437 581 Sancti
1466 522 1591 587 Domini,
1622 523 1737 579 Domino
1774 522 1911 582 benedicite
1982 570 1983 591 ,

235 602 329 659 citatis
344 602 434 674 gloria
452 619 459 668 ;
475 603 758 672 ideoqueprecamnr
769 605 801 655 ut
814 615 958 656 memores
971 597 1059 653 nostri
1113 597 1142 652 in
1155 597 1377 652 eternumAnt.
1392 597 1521 669 Hymnus
1531 592 1911 666 omnibussanctiscjus.Ant.

235 675 412 730 intercedere
423 672 579 745 dignemini
594 671 739 743 pronubis
753 672 789 727 nd
802 670 957 727 Dominum
971 673 1061 726 Deum

236 748 379 801 nostrum.
397 744 475 802 Vera.
500 744 629 801 Gaudete
650 747 679 800 et
692 742 841 806 exsultate,
870 741 939 813 quia
953 756 1062 797 merces

236 820 332 873 vestra
346 815 439 872 multa
453 818 497 871 est
510 814 538 870 iu
550 814 632 870 coeto.

327 911 413 986 847
432 913 594 985 Antiplsona
607 914 637 968 in
664 911 809 967 matutinis
826 909 973 967 Marinus.

274 1011 394 1082 Antipb.
411 1010 522 1071 Omnes
532 1010 623 1067 sancti
635 1007 1063 1081 quantapassisunttormenta,

238 1085 272 1140 ui
286 1082 375 1139 securi
392 1082 573 1154 pervenirent
587 1082 623 1137 ad
639 1080 766 1152 palmam
781 1078 913 1151 martyrii
928 1078 1013 1135 tAnt.
1026 1077 1066 1132 De

239 1154 338 1226 palma
350 1153 392 1217 nd¹
401 1170 488 1225 regne
498 1156 690 1224 pervenerunt
699 1150 790 1207 sancti
804 1167 810 1217 ;
822 1166 943 1206 coronas
956 1147 1066 1205 decoris

240 1229 408 1282 meruerunt
422 1226 456 1280 de
472 1222 626 1280 mauuDei.
640 1222 705 1278 Ant.
722 1222 848 1292 Corpora
862 1226 1027 1277 sanctorum
1037 1219 1066 1273 in

261 1312 310 1352 ace
335 1296 449 1367 sepulta
474 1299 550 1361 sunt,
567 1300 596 1349 et
622 1294 720 1349 vivunt
734 1292 854 1348 nomina
867 1308 977 1349 eorum.
998 1295 1065 1347 Ant.

241 1313 379 1437 Kiartyres
393 1368 515 1431 Domini,
532 1365 655 1420 Domino
685 1364 843 1420 benedicite
868 1362 897 1418 iu
910 1367 1063 1419 aeteruum.

241 1438 309 1493 Ant.
323 1437 486 1509 Martyrum
496 1436 610 1503 chorus,
623 1436 738 1491 laudate
761 1434 926 1503 Dominum,
943 1431 1066 1489 allatuin.

550 1533 588 1591 In
602 1532 761 1603 Evangelio.

278 1630 349 1686 Anti
368 1631 394 1685 b.
412 1629 606 1686 Dabosanctia
623 1629 694 1685 meis
720 1628 816 1684 locum
843 1627 1025 1684 nominatum
1039 1627 1069 1683 in

1115 669 1146 723 tn
1158 667 1264 723 sanctis
1277 672 1306 722 et
1315 669 1345 722 in
1357 666 1541 722 firmamento
1553 664 1665 720 virtutis
1677 665 1737 737 ejus
1746 665 1863 722 Laudato
1872 666 1914 722 Do·
1982 662 1983 669 '

1114 738 1225 795 minum
1239 755 1339 794 omnes
1355 737 1449 810 augeli
1463 738 1535 809 ejus.
1968 754 1971 759 ·

1424 826 1457 881 ln
1471 824 1629 896 Evangelio.

1151 915 1263 987 Antipls.
1275 916 1299 972 O
1345 931 1392 971 am
1402 913 1559 987 gloriosum
1570 918 1613 970 est
1623 929 1754 986 regnum,
1763 912 1790 967 in
1800 928 1851 983 quo
1862 930 1916 968 cum
1982 934 1983 973 1

1117 986 1229 1043 Christo
1243 1004 1298 1060 gau
1321 991 1370 1042 ent
1384 1001 1485 1041 omnes
1499 985 1613 1068 sanctii
1628 982 1733 1067 Amicii
1747 983 1822 1039 stolis
1847 984 1915 1051 albis,
1982 986 1983 1055 ζ

1117 1060 1666 1201 tttttltttDtttttttf‘tlt:
1679 1055 1917 1206 tttzttttt
1982 1122 1983 1125 ‘

1118 1200 1304 1271 sicutaquilae
1314 1199 1448 1271 juventus
1476 1197 1668 1255 renovabitur.
1689 1195 1838 1252 Florebuut
1860 1202 1918 1252 ncut
1982 1232 1983 1243 .

1119 1270 1180 1326 titia
1205 1270 1364 1327 incivitate
1390 1268 1512 1325 Domini.
1535 1273 1605 1325 Ant.
1629 1266 1750 1351 Sanguis
1775 1272 1917 1349 sauctorum
1982 1314 1983 1325 .

1120 1339 1918 1419 martyrumproChristoettususestmterrrs,1deoadeptr
1982 1376 1983 1393 ,

1119 1418 1187 1468 suut
1208 1411 1521 1483 praemissampiterna.
1546 1415 1617 1467 Ant.
1645 1410 1769 1466 Istorum
1796 1414 1836 1463 est
1857 1425 1918 1490 enirn
1982 1454 1983 1477 ,

1120 1499 1237 1566 regnum
1252 1483 1402 1566 centorum,
1417 1489 1448 1537 nt
1459 1498 1559 1565 snpra
1587 1482 1654 1536 Ant.
1669 1480 1748 1536 Beati
1758 1481 1836 1604 estisl,
1846 1484 1920 1605 iffi
1982 1496 1983 1513 ¹

1120 1552 1920 1702 ltttttttttttttltttttttt,litata

244 1717 333 1773 reguo
343 1647 437 1756 Satria
452 1701 521 1757 mei.
537 1700 602 1755 Ant.
620 1700 653 1755 lli
668 1705 735 1755 sunt
749 1700 797 1825 Ἱυί
809 1703 948 1755 venerunt
959 1715 993 1754 ex
1009 1715 1067 1754 ma=
1121 1713 1197 1761 mur,
1214 1701 1245 1752 ut
1257 1713 1400 1752 memores
1421 1696 1509 1751 nostri
1522 1696 1698 1750 intercedere
1723 1693 1868 1765 dignemini
1881 1707 1920 1762 pro

284 1789 301 1827 a
317 1772 511 1835 tribulatione,
527 1776 556 1827 et
570 1772 702 1827 taverunt
715 1775 759 1825 sto
772 1787 804 1825 as
818 1787 884 1826 suas
893 1770 922 1825 in
931 1771 1069 1842 sanguine

268 1844 328 1915 gni.
342 1843 411 1898 Ant.
427 1843 459 1899 iti
470 1846 537 1898 suut
551 1843 598 1912 qui
613 1857 664 1912 pro
677 1842 738 1923 lege
752 1841 802 1896 Dei
817 1840 861 1897 sui
873 1842 958 1896 morti
973 1857 1003 1896 se
1013 1845 1069 1895 tra·

244 1915 310 1970 dere
326 1929 383 1968 nou
399 1912 613 1968 dubitaverunt.
628 1912 669 1966 Ab
680 1912 785 1982 iniquis
799 1911 940 1969 interiecti
953 1916 1031 1975 sunt,
1042 1916 1071 1966 et

244 1985 275 2040 in
286 1989 428 2040 aeteruum
440 1983 540 2039 visunt
554 1999 618 2039 cum
632 1982 752 2039 Christo.
771 1985 883 2054 Agnum
892 1983 980 2039 secuti
993 1986 1068 2048 suut,

245 2058 454 2126 ctacceperunt
469 2054 608 2126 palmam.
631 2056 699 2108 Ant.
726 2053 823 2110 Sancti
826 2053 994 2179 Jerssddcmt
1001 2053 1070 2108 vice·

845 2140 880 2195 ep
927 2140 981 2180 sun
1007 2140 1071 2196 pro-

245 2213 408 2254 missiones.

342 2295 410 2350 item
424 2292 600 2361 Anttptaon
614 2292 646 2347 in
667 2292 812 2348 ltotntinii
824 2291 973 2348 uetitos

281 2389 404 2459 Antipb.
414 2391 560 2445 iustorum
569 2391 666 2445 autem
680 2389 785 2445 anima
795 2388 824 2444 in
838 2405 926 2444 manu
939 2388 987 2445 Dei
994 2392 1070 2454 suut,

247 2465 276 2518 et
290 2476 347 2516 non
363 2465 463 2532 tanget
474 2459 539 2515 illos
550 2464 727 2516 tormentum
752 2459 878 2515 matitia.
892 2460 959 2515 Ant.
986 2459 1014 2516 si
1029 2475 1071 2514 oo·

247 2548 310 2587 ram
326 2530 492 2587 bominibus
507 2534 652 2587 tormenta
666 2531 740 2602 passi
752 2535 828 2596 suut,
841 2547 904 2603 spes
916 2530 1072 2586 electorum

247 2607 290 2658 est
303 2601 510 2659 immortalisiu
521 2606 669 2657 aternum.
679 2603 746 2657 Ant.
757 2601 1073 2673 ‘tradideruntcorpora

248 2690 300 2730 sua
310 2674 346 2729 ad
357 2673 506 2745 supplicia,
528 2673 592 2729 ideo
606 2677 792 2739 coronantur,
816 2677 846 2729 et
858 2672 1000 2744 accipiunt
1014 2671 1074 2744 pal·

248 2760 338 2800 mam.
362 2744 429 2800 Ant.
453 2746 601 2814 tanquam
629 2758 732 2799 aurum
748 2744 776 2800 in
801 2744 917 2799 fornace
941 2742 1074 2827 probarit

248 2814 352 2871 electos
366 2814 516 2882 Dominus,
530 2819 559 2871 et
568 2815 649 2886 quasi
658 2815 846 2871 haulocausta
854 2821 962 2885 accepit
971 2812 1036 2870 illos
1044 2814 1073 2869 iu

246 2891 398 2942 aeteruum.
413 2887 480 2941 Ant.
498 2884 620 2956 Spiritus
632 2890 664 2941 et
686 2884 789 2940 animm
810 2886 967 2949 iustorum,
985 2885 1074 2957 ttym·

1084 1744 1204 1824 Bnobis
1215 1768 1250 1821 ad
1265 1768 1414 1822 Dominum
1429 1768 1519 1821 Deum
1529 1771 1675 1821 nostrum.
1699 1768 1760 1820 Ant.
1772 1762 1920 1819 Gaudentio

1122 1839 1317 1895 coelisauimoe
1345 1841 1520 1902 sanctorum,
1535 1836 1582 1908 qui
1606 1835 1711 1893 Christi
1736 1834 1848 1906 vestigia
1870 1837 1922 1888 sunt
1982 1834 1983 1849 ¹

1121 1910 1219 1967 secuti.
1235 1910 1268 1964 ut
1278 1909 1344 1981 quia
1357 1926 1408 1980 pro
1418 1909 1480 1980 ejus
1494 1924 1593 1963 amore
1613 1906 1784 1980 sauguinem
1809 1904 1922 1961 suuntu-

1122 1982 1234 2048 derunt,
1249 1980 1370 2051 ideoque
1403 1996 1469 2034 cum
1498 1979 1609 2035 Christo
1635 1979 1781 2034 exsultant
1803 1974 1919 2031 siueflue.

1121 2054 1189 2108 Ant.
1205 2052 1226 2106 0
1240 2051 1290 2106 riri
1305 2050 1521 2114 misericordiae,
1548 2066 1671 2122 quorum
1700 2065 1756 2104 non
1780 2049 1922 2117 acceperunt
1982 2072 1983 2101 r

1123 2122 1296 2178 oblivionem
1304 2121 1433 2194 justitiee,
1450 2125 1476 2177 el
1490 2138 1587 2177 semen
1604 2137 1707 2176 eorum
1722 2123 1750 2175 et
1768 2119 1816 2174 titii
1830 2122 1923 2242 progtcr
1982 2124 1983 2127 ’

1123 2211 1171 2251 eos
1185 2210 1273 2265 usque
1287 2193 1316 2248 iu
1332 2198 1473 2249 aternum
1492 2209 1556 2248 cum
1569 2191 1662 2264 gloria
1688 2194 1858 2264 permaneat.

1123 2282 1193 2337 pora
1206 2281 1305 2321 eorum
1319 2265 1347 2318 in
1361 2280 1429 2335 pace
1439 2263 1559 2334 sepulta.
1578 2280 1635 2318 non
1652 2262 1874 2333 derelinquentur
1882 2257 1923 2311 rir-

1123 2335 1230 2392 tutibus
1245 2334 1331 2406 plena
1340 2353 1348 2404 ;
1364 2334 1701 2390 riruutnominaeorum
1713 2334 1741 2387 in
1756 2331 1856 2387 secula.
1867 2332 1920 2384 Ant.
1982 2368 1983 2387 r

1124 2407 1146 2462 0
1162 2407 1326 2463 veneranda
1340 2409 1501 2478 martyrum
1513 2406 1686 2469 certamine,
1709 2402 1756 2476 qui
1769 2404 1796 2458 iu
1814 2402 1864 2458 suis
1876 2416 1922 2455 cor·

1124 2478 1240 2604 foribus
1249 2493 1300 2548 pro
1316 2476 1427 2531 thristo
1438 2476 1578 2533 immania
1593 2474 1774 2547 pertulerunt
1786 2471 1920 2528 tormentit

1139 2550 1191 2605 deo
1205 2547 1348 2619 percipere
1363 2552 1530 2603 mernerunt
1554 2545 1818 2602 immarcessibilem
1833 2547 1922 2599 ceterae

1125 2618 1222 2692 gloria
1229 2634 1377 2687 coronam,
1392 2617 1469 2674 allel.
1481 2619 1554 2675 Ant.
1573 2618 1724 2673 iustorum
1740 2620 1835 2671 animae
1844 2615 1868 2668 in
1877 2628 1923 2667 ma·

1126 2707 1165 2746 nu
1181 2689 1229 2746 Dei
1244 2693 1319 2753 sunt,
1333 2694 1362 2745 et
1374 2706 1432 2745 uon
1448 2692 1548 2761 tanget
1559 2688 1623 2745 illos
1644 2692 1819 2746 tormentum
1833 2684 1921 2740 mortis.

1125 2763 1156 2817 ln
1171 2777 1240 2832 pace
1255 2765 1322 2816 sunt
1336 2776 1442 2832 eaquae
1451 2759 1696 2832 possident,atlet.
1707 2760 1773 2815 Ant.
1783 2753 1923 2817 Beatieritis
1982 2828 1983 2831 Ἴ

1126 2848 1192 2889 aum
1210 2848 1259 2887 vos
1274 2831 1387 2887 oderint
1413 2830 1545 2888 homiues
1558 2849 1565 2898 3
1579 2835 1691 2887 etcum
1719 2828 1865 2901 spreverint
1876 2841 1921 2887 ros,

1127 2907 1157 2959 et
1170 2902 1414 2975 exprobraverint,
1428 2907 1457 2958 et
1469 2902 1607 2977 ejecerint
1628 2917 1737 2957 nomen
1754 2905 1866 2956 restrum
1875 2900 1924 2951 tan·

248 2972 317 3012 num
334 2956 498 3039 ἀῗθῆθᾞθθ
525 2962 633 3037 mim·
658 2955 837 3037 ⁸¹¹⁹¹·r⁸¹¹‘?¹·
867 2954 1072 3038 Alf-,ffiwlli'
1128 2991 1214 3046 quam
1232 2973 1354 3033 malum.
1369 2981 1481 3045 propter
1494 2973 1595 3028 tilium
1624 2972 1753 3028 hominis
1784 2970 1923 3026 Gaudeteet

246 3026 323 3083 bunt
336 3031 427 3082 sancti
444 3044 474 3081 ru
489 3026 591 3099 gloria,
620 3026 794 3082 letabuntur
807 3042 837 3081 m
852 3026 991 3082 cubitibus
1003 3042 1071 3082 suis.
1091 3046 1114 3108 Ο
1127 3044 1278 3109 0¹⁸„ng
1297 3061 1363 3100 θεοῦ
1374 3045 1451 3100 enim
1463 3060 1571 3100 merces
1587 3049 1686 3099 ,em
1698 3043 1788 3098 mul„
1800 3044 1840 3096 esp
1848 3040 1871 3094 1„
1882 3052 1923 3091 ω.

551 3113 586 3168 In
606 3112 768 3185 Evangelio.

284 3201 398 3271 Antipli.
411 3200 570 3272 Fulgebunt
580 3201 661 3272 justi,
676 3205 705 3257 et
730 3205 868 3273 tanquam
891 3201 1020 3258 scintille
1044 3202 1073 3258 in

250 3271 422 3328 arundineto
437 3271 606 3327 discurrent.
632 3271 805 3327 iudicabunt
829 3272 971 3338 nationes,
987 3276 1016 3328 et
1029 3289 1073 3330 re·

249 3343 381 3416 gnabunt
394 3342 424 3398 in
436 3346 587 3398 aeteruum.
604 3343 667 3398 Ant.
682 3343 730 3398 isti
745 3347 813 3399 sunt
826 3342 928 3411 sancti,
956 3343 1005 3415 qui
1024 3359 1075 3426 pro

252 3413 301 3470 Dei
314 3429 413 3469 amore
427 3413 522 3468 minas
534 3411 686 3470 bominum
710 3417 953 3485 contempserunt.
971 3414 1075 3471 Christi

250 3487 391 3556 martyres
404 3482 433 3537 in
447 3499 569 3554 regnum
580 3482 717 3541 centorum
729 3484 874 3541 exsultant
880 3501 945 3540 cum
956 3484 1075 3557 angelis.

252 3555 274 3611 D
289 3570 375 3635 quam
391 3554 516 3625 pretiosa
530 3558 574 3610 est
588 3569 666 3611 mors
694 3560 870 3624 sauctorum,
885 3555 934 3627 qui
962 3556 1076 3612 assidue

252 3628 466 3680 assistuutante
480 3623 645 3687 Dominum,
670 3625 748 3681 etab
776 3624 898 3686 invicem
926 3643 983 3682 non
1009 3629 1077 3682 sunt

251 3694 1077 3838 ttttfttcttt{ttutttttttattttttttttr

474 3807 484 3832 Ι

253 3840 403 3894 atermm.

358 3924 425 3980 ttem
436 3923 605 3994 Antiphone
614 3924 646 3980 in
658 3924 805 3981 matutinis
816 3924 969 3983 Laudibus.

289 4011 405 4084 Antiptr.
417 4013 449 4067 ln
461 4011 622 4069 ccelestibus
634 4011 729 4084 regnis
751 4016 915 4069 sanctorum
926 4013 1075 4082 habitatio,

255 4082 328 4141 etin
346 4087 487 4140 oelemum
501 4083 613 4155 requies
639 4100 748 4139 eorum.
775 4085 842 4139 Ant.
872 4083 951 4140 Dabo
972 4085 1079 4141 sanetis

255 4153 338 4217 meis,
351 4161 383 4209 nt
396 4169 496 4223 supra
510 4155 578 4209 Ant.
592 4153 645 4209 Via
654 4154 800 4226 justorum
824 4158 902 4211 recta
931 4154 1007 4211 tacta
1017 4160 1073 4211 est.

255 4224 429 4281 Sanctorum
443 4224 498 4279 iter
510 4229 703 4296 preparatum
722 4228 765 4280 est
791 4223 821 4280 iu
838 4230 989 4281 aeoernum.
1003 4227 1075 4283 Ant.

257 4295 352 4351 Sancti
368 4293 490 4363 Spiritus
500 4294 644 4350 etanimae
664 4295 822 4361 iustorum,
838 4298 982 4368 Dymnum
996 4296 1080 4379 dicite

257 4362 359 4419 Deoia
373 4368 524 4419 aternum.
540 4365 607 4419 Ant.
622 4364 695 4419 lusti
709 4370 807 4422 numm
820 4366 849 4421 iu
865 4372 1081 4439 perpetuumu·
1095 4402 1118 4461 D
1134 4413 1166 4454 ω
1181 4413 1256 4453 Μ,
1272 4396 1309 4451 p,
1339 4439 1346 4451 ,

258 4438 335 4498 veut,
347 4439 377 4490 et
385 4434 461 4504 apud
470 4434 624 4490 Dominum
638 4439 796 4493 estmerces
805 4452 915 4493 eorum.
929 4437 995 4493 Ant.
1011 4439 1081 4493 San·

257 4503 295 4560 cti
310 4503 358 4575 qni
370 4508 488 4574 sperant
500 4504 529 4560 in
551 4504 685 4567 Domino,
706 4508 859 4563 mutabunt
871 4506 1080 4573 tortitudinem,

259 4579 408 4701 ἓξέὲιέυοηῐ
419 4590 528 4647 pennas
546 4579 578 4631 ut
600 4575 723 4647 aquilae;
739 4578 878 4634 volabunt
900 4582 929 4635 et
943 4594 1000 4634 nou
1013 4577 1082 4636 detl-

566 4735 600 4792 ln
614 4734 775 4806 Evangelio.

296 4817 407 4901 Antipb.
418 4820 488 4902 licce
501 4837 611 4878 merces
625 4826 790 4879 sanctorum
816 4822 932 4906 copiosa
950 4826 994 4880 est
1006 4822 1083 4895 apud

259 4891 351 4947 Deum
361 4910 368 4957 3
380 4906 434 4961 ipss
445 4907 513 4947 aero
528 4893 633 4949 mortui
644 4898 711 4949 sunt
722 4910 774 4965 pro
796 4894 918 4958 Cbrrsto,
943 4899 973 4950 et
985 4893 1084 4950 sinunt

259 4961 290 5017 in
303 4964 456 5018 aeternum.
468 4963 529 5020 Ant.
544 4963 593 5019 lsti
604 4967 672 5019 sunt
686 4964 777 5020 sancti
789 4965 837 5036 qui
854 4980 906 5036 pro
920 4966 1084 5022 Testamen-

260 5034 290 5087 to
304 5031 353 5088 Dei
363 5049 416 5087 sua
426 5049 546 5104 corpora
559 5034 749 5101 tradiderunt,
769 5038 798 5091 el
811 5035 839 5089 in
854 5035 992 5161 sanguine
1010 5036 1084 5108 Agni

260 5101 392 5158 laverunt
403 5104 491 5159 stolas
501 5121 577 5160 suas.
593 5106 660 5161 Ant.
676 5106 743 5162 Haec
754 5108 796 5161 est
819 5122 887 5162 aera
920 5107 1082 5171 raternitas,

259 5180 324 5244 quae
339 5189 485 5245 nunquam
499 5175 591 5245 potuit
616 5175 717 5231 violari
743 5177 910 5234 certamine.
926 5178 982 5249 Qui
994 5176 1084 5233 effuso

259 5244 398 5316 sanguiue
410 5245 498 5301 secuti
509 5251 575 5301 sunt
586 5246 751 5311 Dominum,
760 5253 977 5305 contemnentes
988 5248 1084 5303 autam

258 5315 379 5386 repam,
417 5321 587 5372 erraberunt
599 5319 635 5372 ad
649 5332 738 5389 regna
756 5318 891 5376 coelestia.
906 5317 997 5392 848
1012 5320 1080 5376 Ant.

259 5384 375 5457 Propter
406 5391 599 5442 estameutum
614 5389 738 5453 Domini,
754 5396 892 5459 utsupra.

368 5474 439 5531 item
453 5476 627 5543 Antiptsona’
639 5476 671 5531 in
685 5476 830 5531 matutinis
842 5476 986 5531 tonditur.

294 5559 411 5629 Antiati.
426 5562 518 5632 Super
532 5563 626 5618 nivem
640 5561 850 5618 dealbabuntur
860 5562 952 5618 sancti
965 5563 1016 5626 tui,
1031 5564 1085 5618 Do-

259 5628 348 5686 mine.
361 5633 432 5688 Ant.
453 5632 550 5687 Sancti
561 5632 639 5697 estis,
652 5632 722 5687 dicit
736 5632 1085 5716 Dominus;muttiplicabo

259 5696 418 5756 numerum'
428 5704 564 5768 restrum,
579 5706 612 5757 ut
623 5702 710 5761 oretis
721 5718 774 5772 pro
785 5704 889 5774 populo
905 5720 970 5761 meo
978 5720 1009 5759 m
1021 5705 1084 5761 loco

260 5765 324 5823 oto.
342 5771 410 5826 Ant.
424 5771 471 5829 Sic
485 5771 514 5827 in
536 5776 636 5828 sancto
663 5773 796 5844 apparuit
823 5773 884 5845 tibi,
899 5780 931 5831 ut
957 5775 1085 5833 viderent

1128 3116 1165 3172 lo.
1176 3117 1246 3170 Ant.
1267 3114 1363 3171 Sancti
1379 3115 1434 3171 mei
1450 3115 1497 3185 qui
1510 3115 1540 3170 iu
1560 3115 1615 3170 isto
1625 3115 1733 3170 saeculo
1743 3118 1874 3169 certamen
1883 3108 1923 3162 br·

1128 3186 1239 3253 buistis,
1249 3186 1412 3242 mercedem
1426 3185 1559 3241 laborum
1571 3202 1622 3258 ego
1636 3186 1761 3241 reddam
1773 3183 1853 3238 robis.
1864 3182 1919 3235 Ant.

1129 3257 1226 3314 Sancti
1239 3257 1289 3325 tui,
1305 3257 1437 3321 Domine,
1450 3255 1758 3322 tlorebuutsicuttilis,
1767 3249 1924 3311 etsicutodor

1130 3328 1251 3384 balsami
1267 3333 1352 3384 eruut
1364 3333 1432 3384 ante
1448 3332 1487 3392 te,
1504 3326 1581 3384 allel.

1128 3424 1292 3498 Antiphone
1310 3433 1335 3480 ct
1351 3425 1530 3497 Responsoria
1543 3424 1573 3479 in
1596 3424 1699 3495 cipitia
1717 3424 1797 3487 nnius
1810 3416 1923 3489 nunni,

1442 3495 1480 3551 ad
1500 3496 1640 3566 vesperas.

1169 3591 1244 3649 Vers.
1265 3593 1361 3648 iustus
1376 3595 1408 3647 ut
1414 3592 1519 3721 gmina
1533 3585 1656 3648 florebit]
1684 3592 1751 3647 Ant.
1765 3589 1811 3645 Hic
1830 3590 1866 3644 est
1876 3597 1925 3640 rere

1130 3668 1248 3734 martyr,
1265 3662 1313 3734 qui
1340 3680 1391 3735 pro

1132 3733 1225 3801 iudit;
1242 3734 1290 3817 qui
1315 3736 1411 3791 minas
1422 3733 1552 3807 judicum
1566 3750 1623 3790 uon
1644 3733 1755 3799 timuit,
1768 3749 1817 3788 nec
1829 3735 1923 3785 orans

1130 3805 1159 3861 di
1180 3804 1279 3861 nitatis
1291 3805 1414 3877 gloriam
1429 3804 1560 3878 quaesivit
1574 3822 1581 3875 ;
1597 3805 1649 3861 aed
1666 3807 1704 3862 ad
1728 3802 1846 3862 coetmtia
1856 3809 1924 3869 regne

1132 3821 1253 3933 lefiniter
1267 3875 1404 3948 pervenit.

1412 3964 1458 4020 Ad
1467 3963 1674 4020 Incitatorinns.

1167 4060 1288 4133 Antipts.
1298 4059 1406 4133 Regem
1421 4065 1580 4133 martyrum
1595 4061 1763 4117 Dominum.

1401 4158 1437 4213 ln
1448 4159 1538 4229 priora
1550 4164 1694 4214 nootnrrm

1169 4254 1283 4326 Antipb.
1312 4256 1343 4310 ln
1362 4254 1389 4312 le
1410 4254 1565 4311 eDomini.
1587 4255 1665 4311 Prot.
1682 4257 1784 4311 Beatus
1807 4250 1854 4306 vir.
1877 4248 1927 4302 Art.

1134 4325 1307 4382 Praedicare.
1355 4272 1414 4400 88
1425 4327 1499 4382 Prot.
1515 4327 1609 4391 Quare
1622 4326 1808 4383 tremuerunt.
1820 4322 1877 4377 Ant.
1889 4316 1929 4369 to

1364 4397 1495 4464 Domine,
1509 4397 1577 4469 quid
1589 4396 1771 4469 multiplicati
1782 4395 1851 4450 sunt.
1868 4387 1925 4445 tm.
1982 4426 1983 4431 .

1435 3662 1518 3718 bristi
1547 3662 1667 3720 nomine
1682 3662 1842 3735 sanguinem
1860 3669 1924 3712 snum

1135 4468 1297 4525 Vocemea.

1170 4536 1349 4609 Responsoria
1363 4537 1438 4594 unde
1451 4553 1548 4609 supra

1171 4610 1252 4680 Resp.
1266 4609 1445 4664 latesauctus
1460 4625 1511 4690 pro
1526 4609 1587 4691 lege
1602 4608 1653 4665 Dei
1669 4608 1713 4664 sui
1738 4602 1875 4663 certarilu
1917 4608 1928 4648 t

1137 4680 1174 4736 ed
1184 4682 1319 4742 mortem,
1330 4682 1382 4734 eta
1392 4679 1648 4750 rerbrsimprorum
1660 4694 1718 4734 non
1729 4676 1837 4740 amuis,
1850 4671 1889 4726 tau
1906 4681 1928 4719 a·
1982 4682 1983 4749 y

1137 4754 1183 4806 tus
1195 4749 1274 4806 enim
1288 4752 1351 4805 erat
1374 4766 1459 4832 supra
1472 4750 1586 4805 firmam
1602 4754 1726 4822 petram.
1745 4746 1814 4806 Vens.
1840 4744 1885 4797 lste
1896 4739 1928 4816 etl

1136 4822 1185 4894 qui
1200 4818 1373 4890 contempsit
1386 4825 1474 4876 vitam
1491 4820 1602 4903 mundi,
1610 4824 1639 4877 et
1652 4817 1779 4893 persenit
1788 4811 1928 4901 μάρωΙεεὶξᾶ

1137 4890 1928 5039 tttttctttttttttttt,ttmttitttttt,tlt

1137 5049 1240 5088 ronam
1257 5033 1291 5088 de
1305 5031 1400 5102 lapide
1411 5031 1544 5103 pretioso.
1585 5049 1640 5089 ers.
1656 5033 1748 5088 Vitam
1762 5028 1836 5101 petiit
1847 5018 1928 5099 amet

1138 5102 1262 5159 tribuisti
1275 5101 1301 5159 ei
1313 5101 1522 5174 longitudinem
1542 5103 1652 5160 dierum
1666 5104 1696 5157 in
1719 5100 1856 5177 seculum,
1873 5096 1895 5147 el
1905 5101 1926 5166 m

1138 5173 1273 5231 annulum
1288 5173 1395 5229 seculi.
1422 5173 1504 5245 Resp.
1530 5175 1627 5230 iustus
1644 5171 1811 5245 germinabit
1835 5157 1929 5220 sicutti-

1138 5245 1220 5309 tium,
1234 5248 1262 5299 et
1273 5243 1385 5299 florebit
1399 5243 1426 5299 in
1443 5250 1582 5301 aeternum
1596 5250 1659 5301 aute
1690 5241 1845 5298 Dominum.
1868 5232 1926 5313 ten·

1138 5315 1288 5370 Plautatus
1302 5315 1330 5368 iu
1345 5315 1432 5370 domo
1447 5315 1570 5380 Domini,
1586 5315 1615 5370 in
1629 5314 1708 5371 atriis
1723 5313 1820 5366 domus
1833 5307 1874 5361 Der
1886 5313 1927 5376 1105

1138 5386 1199 5441 stri.
1217 5387 1255 5444 Et
1266 5385 1389 5441 florebit.
1402 5386 1480 5457 Resp.
1494 5387 1547 5441 lste
1561 5384 1692 5457 cognorit
1702 5381 1847 5455 justitiam.
1865 5376 1926 5449 titt·

1138 5456 1181 5511 dit
1196 5456 1338 5511 mirabilia
1350 5472 1452 5527 magna
1470 5478 1476 5521 t
1494 5461 1522 5512 et
1532 5457 1658 5512 exoravit
1669 5452 1848 5512 Attissimum,
1862 5447 1927 5514 et1u3

1139 5531 1237 5585 ventus
1248 5530 1292 5582 est
1306 5526 1334 5581 in
1349 5542 1468 5582 numero
1478 5533 1653 5583 sanctorum.
1685 5524 1757 5580 Vens.
1782 5521 1832 5576 Iste
1843 5516 1882 5571 est
1891 5520 1926 5579 (1¹1¹

1138 5597 1319 5668 contempsit,
1334 5604 1472 5669 utsupra.
1487 5598 1520 5652 tu
1533 5597 1674 5654 inventus.

1384 5685 1565 5743 tnnoctnrno
1582 5683 1708 5742 secando.
1811 5711 1814 5717 ,
1893 5696 1904 5723 ἰ

1173 5775 1291 5846 Antipts.
1313 5773 1378 5831 Filii
1390 5773 1551 5831 bomirmm.
1577 5774 1650 5833 Psat.
1675 5771 1744 5828 Cum
1771 5768 1921 5823 insoniam.

1890 2204 1922 2241 Dl'·
1982 2212 1983 2243 l
