4052 6186
95 254 151 320 tol

705 306 714 321 f
758 252 864 314 LIBER
885 246 1140 314 anseuasatts.

1750 245 1807 310 762

96 404 189 453 meus,
206 388 235 442 et
248 384 338 457 patris
361 384 510 441 mei-dat.
535 384 631 451 Pater,
653 381 676 438 si
692 398 750 439 non
772 387 864 453 potest
879 382 925 439 hic
941 385 965 444 Α
981 397 1106 444 marum,
1119 376 1424 435 hosannaclamabant
1432 377 1461 432 in
1469 375 1598 434 excelsis.
1613 376 1693 433 Vera.
1710 376 1808 435 liuore

97 460 170 517 catix
184 457 373 514 transirenisi
391 456 487 511 bibam
503 454 595 514 illum.
607 455 659 510 ssat
669 454 801 511 voluntas
813 460 870 511 tna.

402 547 485 600 Ferte
496 546 622 600 seeundo.

133 637 249 705 datiplt.
263 637 293 690 ln
309 636 355 691 die
371 650 476 704 magno
493 634 664 699 festivitatis,
691 634 787 689 stabat
799 636 881 689 lesus
900 639 928 690 et

98 709 246 765 clamabat
259 708 356 762 dicens
368 726 374 764 :
385 706 407 760 si
418 706 480 776 quis
491 706 561 769 sitit,
579 705 674 761 veniat
689 705 725 760 ad
742 722 787 760 me
799 711 828 760 et
838 706 925 760 bibat.

98 783 160 837 dat.
177 779 231 844 Qui
247 778 308 834 sitit
330 777 427 833 reniet
439 781 468 832 et
481 778 569 843 bibat,
582 781 611 832 et
635 782 732 833 ventre
756 778 818 849 ejus
841 778 928 832 fluent

99 867 181 922 aquae
197 850 277 904 vira.

424 919 607 976 Feriutertia.

134 1009 254 1077 Aattpt.
271 1007 394 1078 Tempus
404 1024 500 1063 meum
524 1009 652 1063 nondum
674 1008 800 1071 advenit,
816 1011 929 1078 tempus

99 1086 228 1136 vestrum
245 1095 359 1150 semper
381 1083 424 1133 est
439 1084 582 1149 paratum,
596 1079 663 1135 dieit
691 1078 840 1136 Dominus.
860 1081 927 1134 Aut.

101 1151 160 1206 llos
174 1150 322 1206 ascendite
337 1150 374 1204 ad
389 1151 464 1204 diem
480 1150 584 1205 testum
600 1150 685 1206 bunc.
696 1153 754 1221 Ego
765 1166 823 1204 non
833 1167 930 1205 aseen-

103 1224 181 1288 dam,
192 1221 260 1293 quia
271 1226 384 1344 tempus
393 1237 490 1302 meum
504 1221 764 1277 nondumadvenit.
776 1222 846 1277 Ant.
863 1222 930 1286 Qui·

104 1293 171 1348 dam
183 1297 281 1348 autem
293 1293 307 1345 J
311 1309 327 1347 u
348 1291 598 1363 aeidtcebantqnia
606 1295 697 1349 bonus
708 1298 759 1356 est,
771 1291 819 1348 alii
833 1299 930 1348 autem

104 1363 338 1429 dicebanttNon,
355 1363 405 1418 sed
420 1363 530 1418 seducit
542 1365 651 1419 turbas.

354 1441 444 1515 774
470 1442 555 1497 Feriu
573 1450 682 1514 quarta.

137 1521 261 1591 data'pb.
274 1520 490 1578 circumdantes
499 1523 587 1579 Judaei
598 1523 763 1590 Dominum,
781 1523 932 1579 dixerunt:

105 1594 258 1665 Quousque
270 1592 400 1648 animam
416 1597 545 1649 nostram
559 1594 692 1650 tottis‘tst
704 1600 735 1650 tu
749 1612 779 1650 es
794 1595 932 1659 Christus,

97 1665 147 1721 -dic
160 1664 246 1720 nobis
261 1664 367 1734 palam.
382 1665 448 1719 Aut.
471 1666 543 1720 Oves
561 1682 632 1721 mcae
647 1683 744 1721 vocem
760 1683 856 1721 aream
881 1682 933 1721 au-

980 449 1807 521 infantiumellactantiumperfecistilaudemcumramis.

981 525 1058 595 Resp.
1076 522 1215 576 Dominus
1232 537 1342 576 naccum
1359 525 1402 576 est
1416 525 1550 591 tanquam
1568 520 1689 575 bellator
1701 519 1782 574 sortis
1799 538 1806 579 ;

983 597 1133 665 propterea
1145 593 1282 663 persecuti
1294 598 1425 657 suntme,
1438 591 1632 662 etintelligere
1643 607 1700 645 non
1712 595 1810 661 potue-

982 678 1060 722 runt.
1077 664 1207 727 Domine,
1225 664 1347 733 probans
1364 679 1445 718 renes
1460 668 1488 717 et
1504 664 1601 722 corda,
1618 662 1668 716 tibi
1685 661 1809 717 revelavi

982 752 1100 792 cansam
1113 751 1217 790 meam.
1235 736 1303 789 Vera.
1319 736 1351 788 Et
1362 734 1419 788 vim
1433 733 1575 789 iaciebant
1584 734 1630 858 qui
1642 734 1810 803 quaerebant

984 807 1113 863 animam
1127 822 1234 873 meam,
1250 809 1278 860 et
1289 804 1336 876 qui
1352 805 1535 875 inquirebant
1551 822 1592 858 ma
1606 822 1623 858 a
1638 804 1708 858 mibi
1722 803 1808 858 locuti

983 883 1051 933 sunt
1064 878 1216 934 vanitates.
1238 877 1272 930 Et
1287 876 1455 943 intelligere.
1483 877 1560 945 lleap.
1579 875 1714 930 ttixerunt
1727 873 1809 946 impii

985 950 1059 1020 apud
1076 966 1106 1004 sa
1119 965 1175 1002 non
1190 951 1265 1003 reete
1280 948 1459 1018 cogitantes:
1476 946 1739 1002 Circumveniamus
1739 947 1811 1070 1J'us·

984 1025 1058 1082 tum,
1070 1019 1206 1090 quoniam
1219 1018 1378 1073 contrarius
1392 1023 1435 1073 est
1449 1017 1581 1087 operibus
1592 1017 1709 1073 nostris.
1762 1033 1809 1071 ro-

985 1091 1110 1146 mittitse
1124 1089 1273 1144 scientiam
1289 1089 1339 1144 Dei
1355 1089 1469 1152 babere,
1494 1087 1595 1143 Filium
1613 1088 1661 1144 Dei
1676 1105 1707 1144 ae
1718 1087 1810 1143 nomi-

985 1167 1047 1226 nat,
1064 1166 1092 1217 et
1102 1161 1242 1231 gloriatur
1257 1160 1369 1215 Patrem
1386 1176 1415 1216 se
1425 1160 1531 1215 habere
1542 1161 1641 1215 Deum.
1656 1160 1810 1214 Videamus

985 1232 1009 1289 si
1022 1248 1171 1289 sermones
1194 1230 1269 1286 illius
1283 1230 1430 1295 verisint;
1453 1234 1482 1286 et
1507 1231 1530 1286 si
1552 1234 1595 1286 est
1618 1247 1701 1286 verus
1724 1230 1811 1285 Filius

986 1304 1047 1367 Dei,
1059 1304 1161 1359 liberet
1175 1302 1255 1357 illum
1271 1303 1306 1358 de
1321 1302 1453 1356 manibus
1465 1302 1570 1357 nostris
1584 1306 1694 1365 ;morte
1709 1302 1812 1371 turpis-

987 1375 1061 1431 sima
1075 1375 1301 1429 condemnemus
1315 1387 1392 1427 eum.
1408 1375 1480 1429 Vera.
1493 1373 1551 1428 Viri
1567 1373 1647 1443 impii
1661 1372 1811 1428 dixerunt:

988 1444 1412 1569 Opprimamusrirumviustum
1426 1443 1542 1515 injuste,
1559 1445 1629 1499 etde
1637 1442 1736 1514 spoliis
1750 1442 1813 1514 ejus

988 1522 1094 1573 sortem
1111 1516 1271 1570 mittamus.
1312 1514 1452 1569 ideamus.
1467 1515 1549 1585 Reap.
1569 1514 1627 1569 Viri
1641 1513 1722 1639 impii
1737 1513 1813 1569 dixe·

987 1592 1056 1644 runt
1071 1585 1504 1657 :Opprimamusviramjustum
1514 1584 1629 1657 injuste,
1639 1590 1668 1641 et
1697 1583 1815 1654 aglutia-

988 1676 1053 1713 mus
1068 1674 1133 1713 cum
1146 1663 1284 1728 tunquam
1303 1656 1431 1712 infernus
1446 1656 1551 1713 vivum.
1571 1657 1743 1712 Auferamus
1756 1671 1815 1710 me·

104 1736 204 1792 diunt:
220 1739 311 1805 etego
325 1735 462 1790 Dominus
477 1752 599 1806 agnosco
610 1754 668 1792 eas.
681 1740 742 1793 dat.
754 1737 842 1792 Multa
858 1738 934 1792 bona
949 1741 972 1800 Β
988 1729 1112 1785 mutium
1127 1728 1203 1784 illius
1218 1730 1253 1783 de
1268 1733 1355 1791 terra,
1378 1734 1406 1783 et
1433 1728 1468 1782 de
1495 1727 1593 1798 spoliis
1609 1729 1679 1797 ejus,
1707 1732 1814 1782 mrtem

104 1824 191 1879 opera
207 1811 342 1877 operatus
357 1824 421 1862 sum
439 1807 519 1862 vobis
531 1825 540 1871 ,·
551 1808 752 1879 propterquod
766 1824 837 1879 opus
849 1807 934 1863 vultis

103 1895 148 1935 me
163 1877 297 1934 occidere
310 1876 324 1931 l

418 1948 619 2021 Feriuqaz'nta.

133 2037 261 2108 Antiph.
280 2034 425 2107 Principes
443 2038 625 2093 sacerdotum
638 2037 789 2093 eonsilium
806 2036 934 2094 lecerunt

102 2114 131 2165 ut
144 2111 248 2164 tasum
264 2107 433 2164 occiderent.
451 2108 588 2164 Dicebant
602 2115 722 2164 autem:
745 2111 809 2165 Non
834 2108 862 2164 iu
889 2109 934 2165 die

101 2181 189 2246 festo,
206 2196 245 2234 ne
258 2178 482 2234 lortetumultus
498 2180 576 2236 fieret
589 2179 617 2234 in
636 2180 750 2261 populo.
767 2183 835 2236 Ant.
861 2181 935 2246 Quid

101 2251 221 2307 inolesti
235 2249 302 2305 estis
314 2249 380 2305 buic
393 2250 533 2306 arulieri?
548 2251 624 2321 Opus
640 2268 718 2307 enim
733 2254 839 2307 bonum
870 2268 935 2324 ope·

99 2330 166 2378 rata
180 2326 227 2378 est
254 2321 284 2375 in
299 2336 356 2376 me.
372 2323 433 2376 Ant.
457 2321 570 2377 Mittens
588 2322 649 2378 brae
670 2322 774 2378 mulier
788 2323 817 2377 in
833 2338 935 2394 corpus

99 2393 275 2450 meamhoc
294 2396 482 2462 unguentum,
505 2395 541 2447 ad
567 2393 764 2465 sepeliendum
788 2410 834 2449 ma
852 2394 931 2450 lecit.

99 2466 169 2521 dat.
189 2463 356 2534 Ubicunque
369 2462 455 2518 luerit
469 2464 657 2534 predicatum
684 2466 736 2520 hoc
750 2465 935 2536 Evangelium

98 2537 127 2593 in
138 2540 208 2592 toto
221 2536 341 2599 mundo,
352 2535 408 2590 erit
422 2534 564 2590 memoria
577 2536 647 2607 ejus.
663 2537 730 2591 dat.
747 2536 882 2606 Magister
893 2535 936 2591 di·

100 2609 139 2663 cit
155 2624 163 2663 :
180 2606 419 2688 Tempusmeum
436 2622 522 2677 prope
538 2611 581 2662 est
594 2609 725 2677 ‚apudte
740 2607 814 2662 facio
831 2608 937 2678 pascha

100 2692 172 2735 eum
186 2676 335 2747 discipulis
351 2677 432 2732 meis.
450 2680 514 2733 Aut.
539 2676 569 2732 Si
598 2679 764 2748 oportuerit,
792 2684 822 2732 ut
835 2696 932 2750 supra.

99 2756 169 2807 Ant.
185 2750 280 2809 Pater,
295 2748 317 2802 si
332 2764 390 2803 non
407 2752 500 2818 potest
525 2748 571 2804 hic
595 2750 678 2817 calta,
706 2758 736 2805 at
751 2767 845 2821 supro.
868 2753 935 2805 Ant.

100 2820 257 2877 Desiderio
271 2818 431 2875 desideravi
456 2820 561 2890 pascha
576 2821 752 2877 manducare
779 2821 935 2890 vobiscum,

988 1801 1139 1856 mittamus
1152 1799 1226 1853 iuter
1240 1815 1303 1854 nos.
1322 1797 1377 1868 lpsi
1390 1798 1467 1853 enim
1481 1797 1631 1853 homicida
1642 1796 1815 1854 thesauriza·

988 1877 1090 1928 verunt
1104 1871 1156 1925 sibi
1168 1870 1287 1930 matum,
1316 1868 1482 1939 insipientes
1494 1874 1523 1924 et
1549 1869 1667 1938 maligni
1691 1870 1815 1924 oderunt

988 1942 1167 2014 sapientiam,
1182 1946 1209 1996 et
1225 1941 1265 1996 rei
1282 1939 1350 1994 tacti
1366 1945 1433 1994 suut
1453 1941 1482 1994 in
1499 1938 1720 2010 cogitationibus
1737 1939 1808 1995 suis.

993 2015 1067 2071 Vers.
1084 2013 1221 2067 Diserunt
1233 2010 1314 2081 impii
1329 2012 1404 2081 apud
1419 2027 1450 2066 se
1465 2026 1522 2065 noa
1536 2015 1611 2067 recte
1632 2010 1811 2082 cogitantes:

988 2083 1253 2140 circumveniamus
1262 2082 1381 2154 justum.
1403 2082 1434 2137 Et
1450 2081 1500 2135 rei.
1517 2083 1594 2153 ttap.
1621 2079 1813 2152 Dpprobrium

990 2155 1082 2211 sactus
1096 2171 1160 2210 sum
1173 2153 1260 2208 nimis
1272 2151 1396 2208 inimicis
1412 2152 1483 2208 meis
1496 2169 1503 2218 ;
1514 2152 1702 2208 videruntme
1717 2155 1746 2206 et
1753 2167 1815 2206 mo·

988 2231 1091 2283 rerunt
1103 2226 1199 2295 capita
1215 2241 1266 2279 sua
1276 2241 1282 2279 ι
1292 2224 1404 2295 adjuva
1417 2240 1475 2292 me,
1488 2224 1619 2288 Domine,
1636 2226 1709 2279 Deus
1722 2238 1813 2277 meus.

994 2298 1070 2355 Vera.
1089 2298 1246 2367 Persequar
1271 2294 1403 2350 inimicas
1419 2311 1498 2350 meos
1522 2304 1550 2349 et
1571 2293 1815 2365 comprehendam

989 2369 1064 2433 illos,
1080 2371 1109 2422 et
1121 2384 1178 2422 non
1194 2370 1354 2429 convertar,
1373 2367 1466 2420 donec
1477 2365 1622 2420 deficiant.
1636 2366 1744 2435 adjuva
1756 2380 1814 2429 me,

989 2439 1123 2495 Domine.
1140 2439 1216 2509 Reap.
1232 2438 1450 2492 lnsurrexernnt
1463 2436 1492 2491 in
1518 2453 1564 2490 mc
1582 2435 1632 2490 viri
1649 2435 1738 2506 iniqui
1749 2436 1817 2490 abs·

990 2527 1044 2582 que
1061 2509 1255 2565 misericordia
1269 2508 1456 2579 ;qutesierunt
1472 2523 1518 2563 me
1529 2506 1698 2563 interlicere.
1714 2510 1744 2562 et
1758 2521 1817 2559 non

991 2586 1178 2653 pepercerunt
1193 2581 1221 2635 in
1240 2579 1343 2634 taciem
1360 2595 1455 2633 ineam
1470 2595 1581 2648 spuere.
1594 2578 1626 2632 Et
1641 2577 1748 2632 lanceis
1759 2577 1817 2632 suis

991 2655 1215 2709 vulneraverunt
1226 2666 1272 2705 me
1282 2667 1288 2715 ;
1300 2655 1328 2705 et
1336 2665 1474 2705 concussa
1482 2654 1548 2704 sunt
1556 2649 1732 2703 omniaossa
1742 2663 1816 2702 mea.

991 2724 1049 2795 Ego
1065 2728 1160 2778 autem
1176 2722 1355 2777 aestimabam
1368 2737 1411 2776 me
1420 2725 1558 2791 tanquam
1574 2723 1720 2774 mortuum
1733 2733 1819 2789 super

992 2802 1109 2850 terram.
1130 2793 1204 2849 Vera.
1216 2794 1361 2848 Dederunt
1372 2791 1400 2846 in
1417 2808 1512 2847 escam
1524 2807 1619 2846 meam
1636 2790 1681 2853 tat,
1695 2788 1818 2845 etiasiti

992 2882 1058 2921 mea
1077 2868 1245 2937 potaverunt
1258 2880 1305 2918 me
1318 2867 1409 2919 aceto.
1424 2865 1480 2932 Dgo
1494 2868 1601 2919 autem.
1616 2864 1689 2933 lleap.
1708 2860 1818 2915 Animae

992 2936 1147 3007 impiorum
1162 2934 1320 2991 fremebant
1334 2935 1487 2989 adversum
1498 2950 1556 2996 me,
1570 2938 1598 2988 et
1608 2936 1760 3004 gravatum
1776 2933 1820 2986 est

993 3025 1042 3063 cor
1057 3024 1154 3062 meum
1167 3022 1252 3088 super
1265 3022 1313 3060 eos
1329 3024 1335 3067 ;
1357 3010 1386 3061 et
1401 3005 1610 3060 constituerunt
1632 3004 1754 3074 pretium
1770 3001 1818 3056 tri·

957 3096 978 3156 C
993 3078 1071 3149 ginta
1086 3082 1239 3148 argenteis,
1253 3074 1512 3147 quodappretiatus
1527 3092 1591 3130 sum
1607 3076 1643 3129 ab
1658 3074 1708 3129 eis.
1736 3073 1813 3128 Vera.

995 3148 1190 3206 contumerias
1204 3151 1233 3203 et
1245 3155 1367 3203 terrores
1378 3164 1477 3217 passus
1492 3163 1556 3201 sum
1570 3148 1606 3201 ab
1620 3144 1720 3215 eisqui
1737 3146 1820 3199 erant

995 3219 1104 3292 pacitici
1120 3219 1185 3274 aiei.
1201 3219 1236 3275 Et
1248 3218 1465 3273 constituerunt.
1482 3219 1559 3287 Resp.
1581 3214 1776 3272 Contumelias
1792 3217 1821 3269 et

994 3296 1116 3346 terrores
1130 3307 1228 3361 passus
1249 3307 1312 3344 sum
1324 3290 1359 3343 ab
1372 3288 1412 3343 eis
1427 3287 1475 3358 qui
1488 3292 1571 3344 eraut
1584 3286 1693 3358 pacillai
1709 3285 1776 3347 mei,
1792 3288 1822 3339 et

995 3361 1187 3416 custodientes
1200 3360 1274 3416 latus
1282 3377 1390 3423 meum,
1401 3358 1527 3415 dicentes
1542 3358 1732 3430 :decipiamus
1743 3372 1819 3422 curn,

995 3436 1025 3488 ct
1036 3433 1244 3503 prevaleamus
1260 3431 1310 3487 illi.
1327 3431 1383 3486 Sed
1395 3436 1435 3494 tu,
1449 3429 1578 3495 Domine,
1594 3446 1703 3484 mecum
1717 3444 1747 3484 es
1759 3433 1823 3482 tan·

209 3568 214 3578 ,
330 3566 336 3580 ,
995 3519 1082 3574 qnam
1100 3503 1220 3558 bellator
1232 3501 1323 3557 fortis.
1339 3501 1448 3556 Cadent
1468 3501 1496 3555 in
1517 3499 1702 3571 opprobrium
1717 3498 1821 3569 sempi-

149 3566 261 3638 dattpb.
284 3568 337 3638 lpsr
361 3584 428 3622 vero
459 3583 516 3622 non
542 3572 737 3640 cognoverunt
760 3567 820 3624 vias
848 3585 938 3633 meaa,
995 3580 1121 3629 ternum.
1139 3575 1171 3628 Et
1184 3573 1296 3627 videam
1311 3572 1467 3627 vindictam
1483 3571 1512 3625 in
1527 3588 1587 3629 eos.
1603 3570 1670 3641 quia
1685 3570 1733 3626 tibi
1744 3584 1823 3623 reve·

115 3638 214 3710 quibus
222 3639 319 3710 juravi
343 3639 371 3694 in
387 3639 430 3694 ira
446 3655 520 3704 mea,
536 3639 559 3693 si
587 3639 744 3694 introibunt
759 3639 788 3694 in
812 3641 940 3710 requiem
996 3645 1171 3701 lavicausam
1180 3659 1285 3700 meam.
1300 3642 1488 3699 Vers.0mnes
1498 3640 1606 3697 inimici
1619 3642 1684 3704 mci,
1692 3648 1821 3709 utsupra.

116 3726 220 3766 meam.
229 3710 306 3781 llesp.
321 3711 351 3765 ln
364 3710 409 3766 die
422 3727 480 3782 qua
489 3710 618 3765 invocavi
632 3714 669 3777 te,
682 3710 813 3777 Domine,
827 3711 938 3767 dixisti:
995 3717 1136 3772 Dicentes
1148 3716 1229 3786 Resp.
1243 3714 1322 3770 Sicut
1334 3731 1425 3786 eguus
1437 3715 1538 3769 ductus
1551 3729 1614 3769 snm
1629 3711 1820 3773 utoeciderer,

113 3782 173 3838 ttoti
189 3781 304 3837 timere.
319 3781 455 3837 iudicasti
466 3798 583 3837 causam
595 3783 938 3849 meam,etliberastime.
996 3793 1023 3843 et
1038 3787 1216 3843 nesciebam:
1240 3803 1326 3855 super
1338 3802 1385 3840 me
1398 3790 1494 3840 autem
1510 3784 1708 3854 cogitaverunt
1731 3779 1823 3836 cousi·

111 3853 185 3910 Deus
211 3868 304 3907 meus.
325 3852 401 3910 Vers.
428 3854 501 3909 Deus
523 3869 612 3915 meus,
630 3853 706 3924 eripe
723 3871 764 3910 me
790 3855 825 3910 de
852 3872 939 3909 manu
996 3858 1077 3914 lium.
1094 3859 1134 3913 'ln
1149 3862 1257 3923 autem,
1274 3856 1406 3920 Domine,
1423 3856 1549 3911 liberasti
1564 3855 1691 3910 animam
1707 3868 1816 3907 meam.

111 3922 282 4005 peccatoris.
294 3927 323 3978 et
332 3924 367 3978 de
380 3941 467 3978 mauu
481 3929 583 3979 contra
595 3923 686 4006 legem
700 3925 826 3997 argentis
840 3931 868 3982 et
889 3926 929 3980 ini
1000 3930 1075 3987 Vera.
1088 3930 1194 3985 Omnes
1205 3928 1312 3983 inimici
1324 3927 1388 3984 mei
1403 3934 1537 3997 utsupra.
1550 3928 1629 3997 Reap.
1642 3922 1821 3986 Deuslsrael,

111 3994 333 4067 qut.tud1casti.
353 3996 422 4067 Resp
445 3996 557 4051 Fratres
573 4012 628 4050 mer
644 3996 847 4068 elongaverunt
857 4013 938 4061 ame,
1016 4006 1112 4072 rupter
1124 4004 1151 4056 te
1166 3998 1288 4055 sustinui
1308 3998 1522 4069 improperium,
1537 3997 1649 4068 operuit
1662 3993 1822 4051 reverentia

111 4065 383 4146 atnotimeiquasi
410 4066 496 4122 alieni
522 4072 700 4123 recesserunt
723 4084 740 4123 a
764 4086 823 4125 me.
859 4068 935 4125 Vera.
996 4019 1819 4140 faeiemmeam;e1traneustaetussumtratribasmeis,

112 4136 204 4194 Amici
223 4153 280 4191 met
293 4142 325 4217 'et
336 4137 457 4207 proximi
471 4138 780 4209 appropinquaverunt,
810 4143 838 4195 et
860 4145 942 4195 stete·
996 4148 1023 4198 et
1038 4141 1211 4213 hospesliliis
1222 4140 1401 4196 matriameae
1411 4158 1418 4205 ;
1430 4138 1821 4211 quoniamzetusdomustuae

112 4215 191 4264 runt.
210 4209 298 4273 Quasi
316 4209 390 4278 lteap.
405 4211 537 4269 attende.
553 4211 682 4275 Domine,
710 4213 747 4265 ad
761 4226 816 4274 mc,
833 4215 862 4265 et
874 4210 940 4266 audi
997 4213 1185 4271 comeditme.
1197 4212 1269 4268 Vera.
1282 4212 1512 4267 luteudeanimae
1520 4209 1819 4274 meae.etliberauam;

111 4296 199 4337 voces
214 4279 446 4334 adversariorum
456 4296 597 4336 meorum.
609 4282 744 4351 Nunquid
755 4282 942 4352 redditurpro
998 4290 1113 4356 propter
1123 4279 1728 4353 inimicosmeoseripeme.Quoniamaelus.
1743 4281 1820 4336 Vera.

111 4353 190 4407 bono
206 4348 329 4414 malum,
345 4351 412 4432 quia
435 4352 570 4408 foderunt
584 4351 696 4407 lorcam
720 4352 825 4408 anituae
841 4352 942 4409 meae?
997 4356 1082 4414 Deus.
1099 4356 1172 4411 Deus
1187 4371 1278 4419 meua,
1290 4357 1408 4425 respice,
1417 4361 1446 4409 at
1457 4370 1551 4423 supra.
1574 4354 1649 4422 aerp.
1663 4352 1821 4422 Synagogae

115 4424 196 4480 Vera.
216 4422 311 4475 Homo
325 4438 403 4492 pacis
416 4439 487 4477 mete
502 4423 530 4478 in
544 4440 600 4494 quo
615 4440 627 4479 s
648 4426 777 4483 erabam.
795 4424 944 4494 ampliavit
999 4426 1167 4498 populorum
1178 4426 1422 4480 circumdederunt
1438 4442 1483 4479 me
1493 4440 1500 4491 ;
1510 4428 1538 4478 rt
1553 4422 1728 4478 nonreddidi
1741 4419 1822 4477 retri-

111 4496 269 4550 adversum
285 4508 330 4546 tue
345 4493 616 4563 supplantationem.
628 4440 691 4550 itan
715 4495 772 4550 uid.
783 4497 861 4565 Resp.
872 4496 943 4550 Con·
998 4498 1148 4553 boantibus
1162 4496 1230 4552 milii
1241 4496 1328 4551 mala.
1342 4494 1540 4557 Consumetur.
1552 4494 1682 4557 Domine,
1697 4490 1823 4562 nequitia

112 4564 199 4621 clusit
210 4563 364 4643 riasmeas
378 4564 518 4629 inimicus,
535 4565 685 4622 insidiator
694 4514 789 4623 iaetus
804 4572 847 4622 est
873 4565 944 4621 mihi
999 4574 1191 4640 peccatorum,
1206 4572 1234 4623 et
1248 4567 1336 4639 dirige
1350 4569 1474 4639 justum.
1489 4567 1565 4623 Vera.
1580 4566 1619 4620 Tu
1633 4567 1740 4623 autem.
1772 4562 1824 4616 Do-

113 4636 248 4693 sicutteo
270 4650 303 4715 ,¹¹¹
329 4636 508 4700 abscondito,
529 4637 649 4708 replevit
671 4644 699 4694 et
724 4637 876 4693 inebriavit
897 4653 944 4693 me
999 4641 1087 4707 mine,
1103 4645 1250 4710 susceptor
1262 4655 1342 4694 meus
1364 4656 1404 4701 es,
1420 4638 1512 4710 gloria
1540 4653 1615 4705 mea,
1638 4639 1667 4691 et
1694 4633 1823 4691 exaltans

113 4705 324 4764 amaritudine.
346 4706 529 4762 Deduxerunt
557 4707 701 4763 inlocum
728 4710 831 4764 mortis
855 4709 943 4764 vitam
998 4718 1204 4786 caputmeuna.
1219 4711 1416 4765 consumetur.

113 4794 227 4835 meam.
244 4781 273 4856 et
286 4782 442 4856 posuerunt
456 4777 581 4849 lapidem
597 4784 765 4836 contrame.
780 4780 859 4844 Vide,
889 4779 943 4835 Do·
1217 4817 1240 4871 Α
1282 4816 1337 4872 Ὶω
1402 4815 1408 4826 .
1437 4816 1499 4871 Ml
1521 4815 1575 4869 ι..

113 4849 207 4913 mine,
220 4846 520 4917 iniquitatesillorum,
537 4855 563 4905 et
575 4850 675 4923 judica
697 4867 813 4907 causam
838 4851 944 4907 aalma
1244 4823 1305 4887 ΜΨ
1339 4830 1385 4872 ”³
1396 4832 1427 4870 ”²
1471 4832 1518 4870 Η
1532 4831 1599 4873 ”²¹³⁹

113 4938 199 4983 meaa,
217 4918 431 4975 defensorvitte
446 4936 528 4974 meta.
550 4920 627 4980 Vera.
647 4922 753 4978 Omnes
768 4922 876 4977 inimici
888 4922 943 4977 mei
1034 4922 1153 4990 Antipb.
1174 4922 1313 4981 Dominus
1326 4921 1401 4977 Deus
1427 4920 1580 4976 auxiliator
1602 4936 1691 4982 mens,
1707 4922 1736 4975 et
1757 4917 1822 4973 ideo

113 4992 273 5048 adversum
289 5005 335 5044 me
349 4991 513 5062 cogitabant
536 4991 613 5047 mala
639 4993 732 5055 mihi;
758 4996 875 5048 verbum
892 4992 944 5046 ini·
1000 5011 1055 5049 non
1073 4993 1291 5049 sutnconlusus.
1307 4994 1375 5049 dat.
1400 4992 1613 5048 Circumdnntes
1630 4989 1824 5046 circumdede-

101 2898 267 2962 antequam
276 2891 379 2962 patiar.
392 2893 453 2946 dat.
477 2894 733 2962 Appropinquabat
756 2897 853 2948 antem
878 2892 938 2947 dies

103 2964 211 3028 festus,
224 2969 356 3033 utsupra.
369 2964 431 3017 dat.
443 2961 587 3032 Principes
602 2963 794 3030 sacerdotum,
808 2972 937 3035 utsupra.

459 3041 588 3098 Sublato.

143 3122 261 3193 datipb.
287 3120 417 3177 clarifica
432 3138 489 3186 me,
518 3122 615 3187 Peter,
642 3124 718 3193 apud
740 3124 938 3196 temetipsum,

106 3193 241 3250 claritate
269 3210 335 3247 uam
350 3192 446 3248 habui.
457 3193 621 3264 priusquam
632 3196 757 3249 mundus
769 3194 859 3249 tieret.
871 3195 936 3249 dat.

110 3266 239 3320 Christus
248 3211 346 3320 ⁸iactus
359 3269 402 3319 est
410 3279 463 3335 pro
476 3265 559 3346 nobis
569 3264 705 3321 obediens
718 3267 851 3337 usquead
860 3281 937 3321 mor·

112 3340 315 3399 tammonem
331 3339 427 3391 autem
446 3352 546 3391 crucis.

112 3418 293 3487 Respoasoria
309 3417 337 3471 ia
352 3416 517 3473 bebdomada
531 3416 633 3488 majore
646 3417 677 3471 in
698 3416 814 3473 Palatia.
837 3447 871 3457 -
895 3416 940 3472 Ad

424 3488 628 3543 laudatoriam.

1181 5065 1240 5136 76
1256 5069 1284 5118 et
1297 5063 1326 5118 ia
1342 5063 1458 5120 nomine
1478 5063 1593 5119 Domini
1620 5062 1770 5118 vindicabo
1794 5059 1824 5114 in

1170 5137 1377 5190 udicacausam
1387 5135 1635 5199 meamdet‘ende,
1647 5135 1824 5205 quiapotens

112 5079 206 5136 quum
223 5061 434 5116 mandaverunt
447 5063 599 5118 adversum
617 5081 673 5121 me.
686 5064 763 5120 Vide.
780 5064 862 5135 Resp.
881 5063 943 5118 Sal·
997 5070 1066 5120 runt
1080 5066 1174 5190 aaa?

112 5152 182 5190 vum
194 5148 244 5187 me
259 5130 314 5198 lac,
326 5132 410 5197 DeuS,
421 5133 557 5203 qnoniam
570 5133 749 5189 intraverunt
762 5151 843 5204 aquae
855 5150 944 5205 usque
998 5136 1049 5192 eis.
1066 5137 1135 5191 Ant.

115 5208 150 5260 ad
164 5203 298 5261 animam
314 5218 417 5257 meam.
443 5204 482 5260 Ne
504 5211 617 5260 avertas
633 5205 735 5261 faciem
749 5210 829 5260 tuam
856 5222 943 5270 ame,
998 5224 1039 5271 es,
1052 5206 1182 5263 Domine.
1200 5213 1266 5262 Ant.
1285 5209 1356 5262 Cum
1369 5207 1520 5278 Angeliset
1533 5205 1626 5277 pueris
1639 5204 1735 5261 lideles
1747 5204 1824 5258 inve·

116 5275 255 5346 qnoniam
268 5272 398 5337 tribulor,
413 5275 514 5331 exaudi
529 5292 585 5338 me,
601 5277 675 5332 Deus
697 5290 787 5332 meus.
810 5278 883 5332 Vera.
897 5276 944 5330 ln·
999 5279 1116 5333 niantur
1139 5277 1364 5348 triumphatores
1393 5278 1584 5350 [inveniamur
1608 5272 1821 5402 triumphatori]

116 5350 202 5403 tende
218 5343 323 5400 animai
338 5360 420 5411 meaa,
434 5352 459 5400 et
475 5346 565 5403 libera
580 5351 799 5418 eam3propter
814 5345 945 5403 inimicos
999 5349 1100 5404 mortis
1115 5348 1273 5404 clamantes
1289 5348 1459 5405 hosannain
1474 5349 1601 5406 excelsis.
1613 5351 1680 5403 Ant.
1719 5344 1823 5400 onina·

116 5435 196 5475 meos
212 5416 362 5497 eripeme.
378 5417 520 5498 Quoniam
535 5418 663 5474 tribulor.
687 5421 768 5490 neap.
797 5418 860 5474 Noli
883 5435 944 5475 esse
999 5421 1104 5475 dantur
1119 5421 1166 5492 qui
1182 5436 1229 5474 me
1240 5426 1456 5491 persequuntur,
1475 5426 1504 5477 et
1516 5436 1573 5476 non
1583 5418 1743 5475 confundar
1758 5429 1821 5485 ego,

116 5489 198 5555 mibi,
217 5488 349 5553 Domine,
363 5486 482 5544 alienus.
497 5491 581 5545 Parce
597 5489 678 5553 milii,
696 5490 824 5553 Domine,
854 5489 883 5545 in
899 5489 945 5545 die
998 5490 1131 5557 Domine,
1147 5494 1220 5548 Deus
1231 5507 1323 5547 meus.
1343 5491 1421 5548 Vera.
1440 5493 1544 5547 Ennea
1559 5491 1680 5547 framea.

113 5563 195 5618 tnala
208 5559 439 5616 :contundantur
453 5562 612 5633 omnesqui
626 5578 673 5617 me
686 5567 902 5633 persequuntur,
917 5566 947 5618 et
1482 5606 1488 5616 .

111 5650 174 5689 non
188 5630 351 5688 confundar
360 5647 422 5702 ego,
448 5630 523 5687 Vera.
543 5632 764 5688 Contundantur
780 5650 880 5689 omnes
893 5632 945 5691 ini·
1307 5607 1343 5662 Μ
1356 5606 1512 5678 Emfflw·

113 5703 183 5760 miei
199 5702 269 5759 niei.
289 5702 321 5757 nt
334 5717 392 5757 non
406 5703 575 5783 confundar.
591 5704 670 5775 Resp.
698 5703 877 5775 Ingrediente
892 5705 944 5759 Do·
1034 5705 1101 5759 dat.
1111 5703 1203 5759 Turba
1215 5703 1557 5776 multaquaeconvenerat
1568 5700 1691 5757 addicta
1703 5698 1819 5766 festum,

117 5778 199 5832 mino
214 5776 245 5831 ia
258 5776 388 5831 sanctam
403 5774 558 5845 civitatem,
568 5776 748 5832 Hebraeorum
759 5775 839 5847 pueri
854 5792 946 5833 resur·
999 5774 1144 5831 clamabat
1153 5776 1210 5857 [nd]
1222 5775 1393 5831 Dominum:
1406 5773 1575 5831 Benedictus
1586 5773 1634 5845 qui
1644 5770 1721 5829 venit
1731 5770 1760 5826 in
1770 5782 1822 5826 no·

122 5848 280 5907 rectionem
293 5846 356 5903 rita
366 5846 604 5918 prenuntiantcs
618 5846 708 5923 775
722 5847 884 5909 cumramis
898 5863 946 5922 pa·
998 5846 1076 5908 mina
1088 5846 1213 5917 Domini,
1226 5846 1356 5906 bosanua
1377 5845 1408 5905 in
1434 5843 1561 5908 excelsis.
1589 5844 1657 5907 dat.
1685 5838 1822 5905 naama
