4078 6200
712 210 892 287 ιιιιιιιι
913 211 963 279 ιι
979 207 1015 279 ι.
1027 170 1170 275 ιιιιιι
1189 172 1360 279 essaeus
1376 155 1513 279 'eroes

262 221 338 303 liii

257 346 700 432 sumanir'oliqiqeisobristiauss
708 340 1085 468 mremonlesadpublimm
1099 340 1124 401 A
1136 338 1183 399 hie
1196 356 1288 403 nerui
1307 343 1406 427 bomo,
1419 347 1449 401 et
1463 342 1551 401 mode
1563 341 1652 426 ucria
1675 343 1805 426 luitbtus,
1824 350 1925 405 nenn-

257 420 577 481 urorlaliuruuttlitetem
585 419 925 501 essedivulgeudaamoli
949 411 1085 494 orsanval
1137 415 1368 496 vastassetque
1386 415 1463 487 qued
1485 431 1570 470 neme
1586 415 1660 471 diui
1674 419 1758 472 etiam
1774 416 1926 476 interiacens

258 511 291 551 ee
307 496 487 572 argumente,
500 492 575 562 quod
586 507 648 561 ipsa
668 491 755 572 diuini
765 491 898 572 Numinis
912 486 1085 613 ἀιιᾲὲιξὲιὶοῶι
1137 486 1927 617 ffigssslounlgpal¹gdxffiigniznqgamffllilrguieaet,augent

257 559 1083 714 distineri?cliniiiliiisliffaiiciiiiiieffiiliilpiililllioildliiliiianissEccle
1137 624 1187 681 sed
1210 626 1297 685 etiem
1312 629 1405 685 multe
1431 574 1612 693 subnatare?
1634 575 1928 695 noaeaiff'iiieiej'ffi

1865 190 2010 282 iiii'

257 702 1083 777 sissetsingulosquosquesacerdetespertineat,necom-
1136 698 1354 767 quamplurima
1381 698 1538 757 immutare
1564 702 1593 754 et
1615 704 1801 771 eorrumpere.
1824 706 1854 756 ll
1870 703 1929 759 dieat
2009 708 2010 717 ¹

256 774 324 835 nino
337 776 450 835 recondi
461 779 604 849 poterent.
614 775 680 833 llaec
691 775 728 833 ed
739 775 899 831 Romanam
928 767 1082 829 Ecclesiam
1136 766 1206 836 ipse,
1219 770 1344 835 obsecro,
1360 771 1479 827 ubinam
1492 768 1562 827 latas
1572 771 1837 842 caeremoniaeqaai
1846 771 1929 828 luni·

88 844 95 851 '
163 904 168 913 ,
256 852 381 917 tantum,
398 846 516 920 ejusque
531 861 677 905 summum
687 844 861 916 pontificem,
875 858 998 912 suosque
1013 839 1087 899 dua-¹
1136 839 1419 903 marturanensi
1443 846 1639 971 quoaumore,
1660 857 1716 913 quo
1743 842 1928 915 magistro‚qoi

256 909 1081 1042 taxetadidogerlsveeatosministros.Sodutinameliem
1136 907 1273 967 facultate
1286 911 1433 971 nitebatur
1469 911 1660 969 namsililier
1682 912 1742 983 ipsa
1755 914 1930 970 memoriale

257 994 287 1045 et
298 990 348 1049 illc
360 1005 424 1071 quai
456 988 492 1045 ixi
504 987 656 1047 secretiora
667 987 799 1047 loraotet
808 985 901 1057 magis
913 980 1080 1045 reconditol
1136 996 1153 1039 a
1167 982 1234 1039 sede
1249 982 1405 1053 apostolica
1418 1000 1455 1054 ep
1475 983 1594 1039 robetae
1613 983 1663 1055 jus
1676 988 1706 1038 et
1719 983 1808 1055 lagani
1829 984 1931 1053 feritet

256 1061 411 1143 Nenenim
427 1057 610 1130 eaquetidie,
628 1059 665 1115 ed
681 1055 1081 1140 prolauesmeousinsacer·
1135 1051 1432 1134 inC'lemeniiniadlt.
1484 1054 1830 1135 jurajurandaaaucitum
1848 1057 1931 1117 estet
2009 1050 2010 1073 ¹

256 1133 548 1213 dulescentemptum,
562 1128 1082 1187 uecedalienesseotasinoeatreere·
1136 1122 1206 1179 nulli
1220 1127 1321 1195 preter
1343 1142 1410 1181 uam
1432 1124 1553 1196 principi
1567 1124 1634 1181 licet
1656 1141 1691 1180 ea
1713 1142 1776 1197 qua
1791 1125 1860 1249 [luris
1880 1130 1932 1181 sunt
2009 1124 2010 1159 t

256 1202 370 1273 ligieuis
383 1202 546 1261 irrisionem
562 1199 694 1259 devenire
706 1199 878 1259 rideremus.
896 1200 930 1255 itt
943 1194 1080 1277 quonlam
1135 1193 1300 1258 immutare,
1316 1142 1405 1268 300
1419 1212 1477 1267 qua
1487 1196 1608 1252 audacia
1623 1196 1700 1253 hunc
1712 1195 1788 1266 impu
1800 1212 1859 1251 suni
1875 1196 1932 1251 dies

256 1279 320 1331 aete
331 1272 520 1344 rephreliondi
532 1271 625 1344 magis
637 1276 755 1343 possunt
764 1286 851 1342 quem
862 1268 935 1327 cerri
959 1280 1083 1333 urerer·
1136 1281 1210 1329 mus.
1224 1272 1255 1321 ut
1267 1278 1332 1323 eum
1343 1267 1500 1324 secundnm
1514 1266 1735 1323 constitutiones
1746 1282 1844 1323 nomen
1858 1267 1931 1324 idhie

256 1351 352 1401 tamur
367 1346 403 1401 ad
419 1360 479 1401 rem
493 1341 771 1414 nostramintegrem
787 1342 890 1406 adbuc,
903 1285 1082 1420 ιιῖιοιιιιιιι
1135 1351 1220 1418 suum
1245 1337 1369 1419 nesciret
1387 1336 1557 1410 (appellarit
1569 1337 1647 1393 enim
1669 1354 1700 1394 ae
1715 1338 1814 1409 ubique
1835 1336 1931 1393 electen

257 1416 423 1487 eremptnet
436 1414 499 1486 ipsa
511 1413 706 1471 labefactetur.
721 1413 807 1471 Novit
817 1412 880 1485 jam
894 1410 1004 1482 pridem
1017 1421 1081 1463 sen·
1135 1407 1390 1480 archiepiscopum,
1406 1424 1472 1466 eum
1488 1408 1611 1465 electum
1626 1413 1741 1465 tautum
1759 1408 1933 1481 appellanda·

256 1487 340 1545 atltae
351 1491 400 1543 lue
415 1502 531 1549 aninam
545 1487 740 1543 Romanorum
754 1483 919 1554 pontificum
929 1476 1082 1539 auctorita·
1137 1478 1253 1544 buisset,
1270 1494 1323 1537 uec
1336 1478 1441 1537 licebat
1449 1483 1517 1535 ante
1531 1478 1609 1550 pallii
1620 1478 1844 1550 assumptionem
1856 1495 1932 1551 quens

257 1563 449 1625 tem,omnem
458 1548 1083 1626 majestatemliujussacrosanctiesedispen·
1135 1567 1221 1621 quam
1237 1550 1661 1633 arehiepiscopumnominari),
1685 1549 1839 1622 liancjurir
1860 1554 1931 1605 muta·

257 1628 325 1685 dere
339 1644 372 1685 ex
387 1627 492 1689 euimis
508 1626 745 1697 opinionibusque
768 1624 924 1696 prinoipem
937 1627 966 1679 et
978 1619 1081 1692 praela·
1135 1622 1244 1679 tionem
1257 1621 1311 1679 sibi
1325 1621 1410 1704 licere
1419 1626 1535 1703 putarat
1548 1620 1563 1677 i
1575 1621 1759 1677 llescrlbabat
1771 1619 1886 1692 proiecto
1897 1621 1932 1675 be

256 1696 578 1761 torumlluvuonimilli
590 1695 1082 1766 somariospontificeenontanquam
1096 1696 1119 1757 Β
1136 1708 1189 1749 nus
1204 1693 1247 1749 vir
1259 1693 1336 1765 quod
1355 1708 1476 1749 minime
1501 1691 1689 1762 intelligebat.
1722 1693 1753 1749 si
1767 1692 1840 1747 enim
1853 1692 1932 1747 eaden

257 1764 396 1831 mortales
408 1766 550 1835 liemioes,
560 1768 611 1825 sed
624 1772 761 1839 tunquam
773 1768 841 1831 deos
851 1767 879 1823 in
894 1764 975 1823 terris
988 1762 1082 1820 existi·

257 1844 341 1903 maol
351 1842 379 1899 el
391 1838 520 1905 creduut,
538 1836 593 1895 illle
606 1856 636 1899 so
651 1843 752 1913 sponte
784 1835 1010 1903 suasubliciunt,
1024 1833 1082 1890 iltis

259 1914 370 1983 parent,
386 1907 452 1969 illos
464 1910 621 1982 suspiciunt
634 1927 667 1964 ac
680 1915 863 1975 venerantur,
878 1912 907 1967 et
918 1908 1004 1964 etiam
1014 1905 1082 1965 ede

259 1975 1080 2062 reut,ineredibiliqueqoedemefficiunturadmiratione,

258 2069 324 2108 cum
351 2052 506 2123 aliquando
536 2051 832 2106 audiunlaulvident
858 2064 945 2120 supra
972 2047 1080 2111 huma·

156 2156 159 2164 ·
259 2140 414 2205 numopua
429 2124 466 2178 ab
481 2122 536 2178 illis
551 2138 658 2194 pereas
673 2124 708 2176 de
735 2123 837 2193 quibus
864 2120 977 2193 agimus
991 2133 1081 2173 ciere-

260 2210 372 2249 monias
390 2193 688 2267 589insanctornm
701 2191 1025 2262 numerumquempinm
1041 2204 1083 2243 re·

259 2264 338 2333 ferri,
348 2265 494 2335 pontilices
509 2268 589 2318 tenta
601 2264 794 2332 solemnitate,
806 2266 943 2333 lentaque
954 2261 1083 2316 obserse-

259 2335 337 2391 tione
352 2334 516 2405 elicietque
535 2334 718 2398 sanctificari,
738 2332 925 2405 imperatores
939 2330 1081 2400 coronari,

258 2422 341 2487 reges
353 2406 462 2475 inungi,
477 2406 637 2461 cardinales
647 2404 764 2468 assumi,
789 2403 975 2475 patriarchas,
991 2401 1083 2457 aretii·

259 2493 407 2548 episcopos
428 2477 631 2550 episcoposque
648 2475 819 2539 consecrari,
835 2492 868 2530 ac
880 2479 984 2530 caetera
1008 2471 1083 2528 ellici

258 2563 323 2617 quae
337 2552 405 2603 tunc
425 2564 521 2603 rerum
545 2546 753 2619 niagnitudiae,
773 2550 835 2601 turn
850 2546 999 2607 verietate,
1016 2542 1085 2597 divi-

258 2616 1084 2700 nitatemquamdamprueselerrevidatur.Quodsiaacrq·

259 2702 325 2747 rum
339 2706 445 2746 arcana
458 2689 633 2761 pandentur,
649 2693 678 2744 et
701 2704 790 2744 sacrae
806 2684 985 2758 publicentur
1000 2700 1086 2740 ciere-

262 2761 380 2827 moniee,
396 2760 472 2816 illice
485 2760 612 2816 futurum
626 2762 669 2815 est
679 2764 709 2815 ut
721 2759 815 2817 amnis
825 2758 1085 2829 opiniominuatur,

1136 1779 1191 1823 non
1205 1763 1376 1835 ignorasset,
1402 1780 1494 1835 aeque
1519 1763 1739 1821 ambulassetis
1755 1762 1878 1823 tenebris,
1889 1776 1931 1817 nei

1135 1835 1276 1960 posuisset
1286 1835 1428 1893 eleutrum
1438 1851 1489 1904 pro
1504 1833 1617 1898 dentre,
1634 1851 1691 1889 non
1705 1833 1811 1904 fidelem
1824 1832 1932 1915 proelis·

1146 1923 1196 1971 ιιι,
1208 1922 1266 1963 ιιι
1292 1905 1445 1977 particulas
1459 1905 1606 1976 negativas
1627 1909 1679 1961 aut
1705 1905 1879 1978 disjunctivis
1897 1903 1933 1958 ali·

1135 1977 1250 2048 quando
1263 1976 1417 2044 omisisset,
1438 1992 1500 2047 quae
1515 1990 1631 2035 aeneum
1645 1978 1887 2047 perverterentaet
1899 1975 1934 2029 de·

1135 2050 1289 2118 peluem
1305 2064 1312 2114 ;
1326 2063 1384 2105 nen
1396 2044 1700 2118 preterilaietluisoeei,
1713 2045 1825 2109 oscilla,
1845 2047 1933 2108 elue,

1135 2120 1270 2201 eollsgiui
1283 2118 1719 2190 necimmutesaatjuraniauta,
1748 2116 1935 2175 benedictione

1136 2195 1294 2254 unctiones,
1309 2193 1338 2245 el
1351 2193 1453 2245 caetera
1467 2205 1532 2259 quae
1548 2190 1583 2245 de
1594 2188 1756 2244 substantie
1768 2195 1830 2243 sunt
1846 2191 1869 2242 at
1885 2186 1935 2241 cha·

1136 2265 1260 2317 racteres
1275 2259 1457 2330 imprimunt,
1481 2276 1545 2332 quia
1564 2260 1643 2319 nullo
1656 2265 1740 2330 pecto
1756 2258 1890 2315 immutari
1900 2257 1934 2311 de

1136 2332 1205 2387 beat
1217 2336 1266 2387 eut
1283 2334 1410 2402 possunt.
1429 2332 1483 2385 Sed
1499 2329 1567 2401 quid
1581 2330 1611 2384 in
1631 2330 1674 2385 bis
1687 2346 1787 2385 meror
1798 2328 1812 2383 i
1823 2330 1856 2383 ad
1876 2325 1935 2381 inille

1137 2406 1166 2459 el
1186 2419 1282 2472 snpra,
1306 2401 1471 2457 beatissime
1499 2405 1588 2472 peter,
1619 2401 1816 2472 corruptiones
1844 2413 1935 2455 suune

1138 2473 1264 2529 ravimus
1274 2472 1302 2527 in
1318 2472 1391 2527 libro
1403 2471 1457 2527 boc
1469 2488 1520 2527 auo
1535 2488 1625 2543 nuper
1637 2471 1789 2542 impresse,
1802 2472 1864 2526 darn
1874 2469 1935 2524 illuni

1138 2560 1204 2601 cum
1227 2543 1382 2613 exemplari
1406 2541 1562 2613 protocollo
1585 2542 1708 2599 Plautini
1740 2541 1871 2613 praesulis,
1892 2537 1935 2594 veri

1139 2614 1272 2680 auctoris,
1293 2612 1476 2675 contulimus.
1498 2615 1555 2670 Nec
1570 2613 1663 2669 verbis
1678 2614 1786 2669 nostris
1807 2612 1885 2667 fidem
1900 2609 1935 2665 bi·

1139 2687 1205 2742 beat
1226 2682 1363 2741 sanctitas
1388 2684 1483 2740 vestra
1510 2684 1614 2739 librum
1643 2684 1739 2755 ipsum
1758 2699 1840 2755 quem
1855 2679 1935 2754 protuli

1140 2759 1294 2813 intueatur.
1323 2756 1443 2826 Signata
1466 2759 1535 2811 suut
1556 2754 1628 2820 loca,
1660 2760 1712 2811 aut
1740 2754 1876 2818 asterisco,
1900 2754 1937 2805 aut

261 2837 294 2891 ut
305 2831 451 2903 pontilicis
465 2832 620 2893 auctoritas
634 2830 817 2902 elanguescat
831 2844 946 2887 amessa
960 2833 1012 2885 eat.
1033 2829 1087 2883 Su·
1141 2829 1226 2892 linae,
1240 2833 1290 2883 aiil
1300 2827 1396 2885 litura.
1411 2825 1494 2881 Nulla
1506 2842 1623 2897 prorsus
1637 2825 1744 2898 pagina
1758 2841 1849 2881 acrore
1865 2826 1937 2877 vacat.

262 2900 336 2961 berit
357 2903 501 2973 externplo
516 2918 647 2960 summus
661 2901 788 2972 pontifex
801 2899 844 2956 vel
866 2900 1087 2972 uniuscujusque
1141 2901 1209 2965 Qua
1221 2898 1319 2957 emnia
1334 2914 1393 2957 uon
1415 2896 1510 2961 minos
1523 2914 1574 2968 pra
1591 2897 1696 2968 pietate
1721 2901 1773 2955 loa
1792 2912 1857 2967 erga
1868 2895 1937 2950 baum

265 2973 366 3046 plebeii
390 2972 516 3031 hominis
539 2987 678 3031 censorin.
705 2972 785 3027 Alius
811 2971 883 3028 ritui
906 2987 962 3027 uon
978 2974 1087 3027 recten
1143 2969 1347 3040 reprobasset
1372 2967 1509 3038 repellere
1532 2967 1614 3024 debet
1641 2968 1782 3023 sanctitas
1807 2971 1937 3037 tunquam

263 3041 1128 3185 atltll’lzitlltti‘-‘lllllletllillttlt:itt‘0
1143 3039 1563 3169 lllllttllltttttet
1578 3031 1938 3178 lt‘lulaltdall

581 3156 588 3181 i
1079 3142 1088 3157 '
1280 3151 1287 3169 a
1549 3150 1558 3173 5

266 3202 330 3245 rum
344 3200 394 3255 per
413 3199 493 3243 erem
514 3182 748 3254 interpretabitur
764 3184 856 3251 ,aliua
867 3188 963 3255 gestus
978 3182 1087 3239 deride·
1142 3185 1214 3239 benc
1227 3180 1341 3245 merito,
1356 3180 1398 3236 vis
1412 3185 1441 3239 et
1463 3180 1569 3236 in'urie
1592 3178 1747 3244 inferatur,
1770 3178 1878 3249 suisque
1888 3173 1938 3245 vigi·

266 3254 307 3311 bit
319 3258 347 3315 el
361 3201 557 3315 suieenueuit.
574 3256 607 3310 Et
627 3271 693 3310 cum
706 3260 901 3312 antecessores
916 3254 957 3310 tui
972 3270 1089 3310 consue·
1142 3254 1198 3318 liis,
1224 3270 1276 3309 sue
1304 3252 1420 3308 nomine
1439 3251 1585 3322 apeietur,
1602 3267 1635 3307 ee
1659 3267 1712 3307 suo
1742 3252 1847 3307 honore
1871 3247 1940 3319 prbr

265 3324 368 3392 verint,
403 3341 453 3397 pre
485 3330 625 3396 tempere,
655 3343 706 3397 pre
734 3325 807 3393 loco,
837 3341 888 3397 pro
921 3325 1089 3385 necessitate
1142 3324 1318 3383 temlerum
1344 3323 1439 3394 plures
1453 3338 1546 3385 annes
1568 3321 1772 3393 magistratum
1791 3330 1939 3376 ceremoni-

265 3396 453 3457 eairemoniee
466 3398 636 3468 quandoque
650 3402 773 3462 mutere,
793 3413 849 3457 nen
874 3401 960 3453 erunt
982 3395 1089 3452 summi
1143 3412 1207 3451 rum
1219 3394 1331 3467 egregie
1346 3396 1374 3449 et
1389 3394 1457 3450 scits
1472 3394 1652 3457 exercuisset,
1674 3395 1712 3449 ab
1736 3390 1890 3449 Innocentio
1903 3383 1940 3439 llll

265 3468 412 3539 pontilicee
423 3467 466 3525 sui
481 3468 600 3531 arbitrii,
615 3484 706 3540 neque
722 3470 783 3527 sine
795 3466 872 3536 vulgi
886 3466 1089 3524 murmuratie·
1144 3466 1351 3538 predecessore
1363 3470 1392 3520 et
1404 3463 1492 3520 sidae
1502 3468 1551 3519 tuo
1563 3465 1599 3521 ab
1613 3464 1782 3536 hujusmodl
1800 3460 1940 3532 magistratu

265 3557 302 3597 ne
326 3540 355 3597 id
378 3539 493 3610 exsequi
508 3544 652 3609 poterunt,
666 3544 809 3611 utcunque
833 3555 878 3595 rei
895 3536 1030 3594 familiari
1045 3554 1090 3593 co·
1144 3538 1292 3595 secatione
1315 3540 1440 3606 accepta.
1467 3535 1573 3591 eisdem
1585 3540 1683 3591 tamen
1698 3533 1847 3607 stipendiis
1860 3532 1937 3589 Seru.

264 3610 438 3682 gaitionein
464 3615 659 3681 contemptum
691 3611 843 3669 adducent.
874 3610 1007 3675 Quodne
1027 3608 1088 3675 liet,
1143 3600 1941 3691 tanqueminsecessumlitteratoriumadltemanelle

265 3698 323 3739 non
334 3681 430 3737 minus
445 3682 603 3737 curandum
620 3681 744 3743 anobis,
756 3681 804 3751 qui
820 3696 887 3739 raro
901 3679 968 3736 fidei
980 3679 1090 3736 lumine
1143 3678 1237 3736 clasiae
1247 3676 1433 3735 ceremonias
1447 3676 1479 3732 in
1494 3677 1598 3733 librum
1613 3676 1688 3732 hune
1709 3676 1876 3748 colligandae
1888 3684 1941 3724 ms·

265 3752 452 3815 illustramur,
468 3768 555 3835 quam
572 3753 750 3809 curatumsit
773 3752 841 3809 olim
858 3750 1042 3820 agentilibus
1060 3749 1088 3805 in
1144 3768 1192 3809 sui
1206 3754 1258 3807 eit.
1276 3749 1429 3806 laborarit
1441 3748 1564 3807 biennio
1580 3748 1728 3820 vii-gravia
1742 3752 1771 3804 et
1788 3754 1940 3819 inmineret·

265 3824 323 3883 suis
338 3822 604 3905 superstitionibus,
629 3824 731 3894 quibus
753 3823 833 3894 quari
853 3818 1004 3893 peculiaris
1026 3838 1089 3877 mos
1143 3819 1291 3893 parientiae
1304 3838 1314 3884 ;
1327 3820 1443 3876 demum
1458 3818 1618 3875 incredibili
1639 3819 1736 3874 studio
1752 3825 1781 3874 ol
1793 3812 1941 3891 erictsdrls

265 3894 756 3953 omuibuaarcanaceremoniarum
769 3910 821 3951 aec
831 3893 912 3955 velle.
924 3910 976 3951 nec
985 3894 1089 3951 audere
1143 3891 1241 3964 gentle
1254 3890 1419 3947 absolutum
1434 3888 1537 3946 librum
1557 3891 1686 3961 ejusdem
1701 3888 1842 3961 pontilicis
1855 3895 1940 3940 aarum

258 3966 295 4022 in
306 3964 1089 4046 vulgusedere,asserentibusnonlieeraprolanianosie
1144 3961 1312 4034 antepositis
1327 3961 1385 4018 suis
1406 3961 1532 4032 epistolis
1544 3960 1696 4025 dedicarit,
1713 3964 1860 4017 contentus
1872 3953 1941 4029 velet

266 4038 385 4097 deorum
395 4040 542 4107 mysteria,
554 4052 667 4107 semper
677 4035 748 4101 luit;
761 4034 984 4107 inquibusnulla
994 4034 1090 4106 major
1144 4035 1257 4090 nomine
1269 4034 1346 4104 qued
1360 4033 1436 4104 apud
1482 4037 1592 4088 eeteros
1611 4048 1670 4088 ιιοιι
1695 4035 1806 4097 auctor,
1822 4029 1867 4084 sed
1880 4036 1942 4096 quael

265 4123 352 4179 quarn
367 4108 438 4189 tides
463 4107 566 4167 silentii
589 4108 749 4163 deberetur.
774 4108 855 4173 Quod
882 4113 914 4164 ut
928 4111 1033 4162 caetera
1048 4106 1089 4161 iii·
1144 4105 1279 4162 callenter
1294 4108 1344 4161 aut
1364 4049 1536 4173 compliator
1562 4119 1708 4159 sacrarum
1731 4098 1942 4158 ceremoniarum

266 4178 457 4235 numerabilia
482 4182 603 4242 taceam,
628 4195 691 4248 quie
715 4178 789 4237 eirea
817 4179 877 4243 biae
897 4194 914 4234 ι
933 4176 1088 4240 Macrobio,
1144 4172 1368 4233 dissidentiae
1387 4173 1663 4230 existimavitBonus
1678 4172 1889 4244 patersliquem
1905 4178 1944 4219 ιιι

265 4244 396 4320 apuleio,
414 4248 538 4307 Valerio.
554 4247 714 4314 Plutarcho,
731 4265 764 4305 ac
778 4248 889 4307 crateris
904 4247 1029 4318 antiquis
1041 4264 1091 4303 au·
1145 4252 1259 4303 tantum
1272 4245 1383 4302 nomini
1397 4245 1568 4309 invisurum,
1582 4246 1667 4301 Sede
1682 4260 1780 4301 mores
1795 4232 1942 4299 hominoml

204 4356 210 4363 -
266 4319 391 4401 cleribus
404 4319 579 4405 reseruntur,
593 4320 740 4402 memorias
756 4320 894 4401 traditum
907 4323 951 4377 eat
972 4318 1088 4401 tarqui-
1145 4317 1335 4400 noulerubuit
1358 4318 1410 4400 aab
1433 4320 1483 4401 tuo
1498 4316 1664 4398 pontificatu
1680 4316 1789 4372 electus
1801 4313 1848 4369 ille
1865 4312 1944 4375 corep-

266 4390 1091 4521 llesititet·titillettitillaretur:
1108 4399 1129 4457 ⁰
1144 4384 1945 4528 literalibusttltlli‘ttitlttllttt}

268 4533 394 4615 bendum
418 4531 552 4614 dedisset,
579 4533 661 4591 Celso
690 4533 814 4591 insulem
843 4533 883 4615 iu
901 4549 982 4615 inere
1001 4530 1091 4614 ¹ebiiui
1145 4531 1282 4599 inserere,
1311 4534 1342 4586 ut
1365 4547 1396 4587 ae
1411 4529 1475 4585 libri
1496 4529 1582 4612 hujus
1599 4528 1809 4585 ceremonialia
1823 4526 1945 4606 eueterqffi

263 4619 394 4674 gessisse.
411 4603 490 4669 Quod
506 4620 529 4658 si
545 4605 619 4675 apud
636 4619 685 4661 ees
697 4608 778 4659 terito
791 4603 929 4676 supplicio
944 4603 1009 4660 libri
1031 4602 1091 4658 sola
1145 4603 1260 4659 credere
1283 4604 1416 4657 secutura
1434 4603 1584 4670 posteritas
1608 4601 1781 4656 crederetur.
1802 4599 1865 4663 Quis
1885 4602 1946 4667 ιιιιι

267 4672 421 4755 descriptio
449 4673 594 4731 vindicate
608 4679 660 4741 est,
677 4692 733 4746 qua
755 4690 839 4747 praua
863 4675 938 4746 opud
966 4691 1018 4729 ner
1038 4673 1093 4729 erit
1146 4675 1175 4729 in
1190 4674 1245 4729 boe
1260 4672 1332 4728 libro
1350 4671 1589 4743 superimprerse
1600 4676 1794 4743 preterquam
1807 4661 1946 4740 unusdliej

266 4743 438 4803 alliciendus
451 4745 497 4816 qul
522 4762 580 4801 non
602 4746 693 4802 solum
716 4761 798 4802 saara
826 4745 1017 4816 descripserit,
1042 4745 1093 4801 sed
1146 4738 1459 4815 stephorusllarcellus
1474 4740 1834 4807 nominaturiouodn'ain
1847 4735 1946 4791 Plenius

267 4815 356 4872 etiam
368 4816 512 4886 descripta
525 4816 694 4888 corruperit,
707 4834 740 4873 ee
755 4820 891 4888 corrupta
904 4815 1094 4888 divulgaverit
1147 4815 1277 4887 presulis
1289 4814 1423 4880 auctoris,
1447 4819 1498 4869 aut
1525 4812 1643 4869 alterius
1662 4811 1788 4885 cujusvis
1804 4808 1897 4880 legiter
1911 4815 1947 4855 ιι

266 4887 347 4968 itdde
357 4888 433 4958 quod
458 4886 506 4943 ille
517 4887 650 4943 triumvir
665 4888 720 4945 illis
735 4888 844 4945 eisdem
858 4888 946 4945 sacris
966 4891 1092 4959 preerat,
1148 4902 1215 4943 men
1227 4885 1323 4951 ‘lOuin
1334 4882 1694 4956 etiamsublreaitiate,qui
1714 4888 1776 4941 tarn
1792 4874 1947 4957 impuleris

265 4957 425 5028 licebatque
440 4957 479 5015 illi
500 4960 633 5015 eumdem
648 4959 752 5015 librum
768 4957 775 5013 l
815 4974 861 5015 ere
871 4963 901 5015 et
918 4963 1070 5015 attrectare
1085 4973 1092 5023 ι
1148 4957 1258 5013 alienos
1272 4956 1325 5013 ilbi
1341 4954 1453 5012 labarae
1464 4955 1599 5019 vindicat,
1612 4956 1698 5011 verba
1711 4954 1786 5010 illius
1806 4948 1897 5022 optimi
1909 5014 1914 5025 ¹
1925 4957 1946 4994 ι·

267 5028 313 5085 liic
334 5034 432 5091 uester
446 5030 482 5089 ab
507 5030 639 5087 erunibus
652 5046 795 5087 caeremon
809 5048 822 5085 s
835 5029 945 5087 alienus
957 5044 991 5085 ea
1006 5029 1094 5087 sacris
1148 5029 1199 5084 tris
1213 5028 1315 5099 quibus
1330 5027 1359 5083 in
1372 5026 1466 5098 eapite
1483 5027 1524 5082 de
1539 5026 1648 5082 clericis
1660 5022 1888 5082 ceremoniarum
1900 5027 1946 5097 ¹¹111·

267 5101 461 5171 penetralibus
493 5100 566 5156 lustu
595 5100 699 5157 librum
722 5100 802 5159 bunc
812 5099 987 5171 subripuisse
1010 5099 1094 5159 laeile
1168 5099 1448 5156 eclectiousmsuem
1468 5099 1631 5163 excusabat,
1647 5094 1855 5153 dicentisinter
1875 5086 1945 5144 alia:

268 5172 461 5252 credipotest.
473 5172 547 5227 Nam
563 5188 626 5229 cuin
642 5171 820 5229 innocentius
846 5171 908 5229 Vlll
923 5188 1038 5228 summa
1053 5171 1095 5231 in·
1148 5118 1266 5227 illisam
1279 5175 1340 5225 teni
1353 5170 1425 5226 bene
1439 5167 1567 5224 osticium
1579 5167 1818 5224 menmsustinere
1827 5160 1947 5218 seuseu

268 5244 379 5324 dustria
390 5243 524 5299 collectus
539 5242 566 5298 iri
580 5242 659 5324 ¹linive
684 5242 788 5298 librum
812 5243 1010 5308 caeremonias,
1037 5259 1094 5299 nen
1149 5258 1213 5299 oum
1225 5240 1254 5297 iu
1268 5258 1301 5299 ee
1312 5240 1362 5305 lui,
1373 5257 1457 5312 quam
1471 5238 1838 5365 beneiuperlaclummeurn
1847 5237 1948 5300 congre

268 5330 404 5385 ignorans
423 5331 510 5386 quem
533 5315 684 5371 retinenda
700 5318 729 5369 et
752 5314 922 5373 occultanda
945 5316 1039 5371 lerant
1053 5330 1095 5369 sa·
1150 5330 1207 5369 sco.
1224 5313 1277 5369 Eat
1291 5311 1388 5384 igitur,
1402 5311 1455 5368 etsi
1471 5327 1528 5366 nen
1543 5312 1579 5366 do
1591 5328 1619 5374 o,
1633 5326 1690 5365 nou
1708 5308 1808 5364 fraude
1819 5306 1847 5361 id
1864 5302 1949 5358 lecet!e

268 5401 383 5441 crorum
397 5402 512 5450 arcana,
529 5385 557 5441 in
572 5384 671 5457 palatii
684 5385 810 5441 sacraria
820 5402 854 5441 oc
863 5384 1097 5441 interioribiblio·
1151 5386 1291 5450 autumet,
1303 5381 1379 5438 dicat
1393 5398 1423 5438 se
1435 5399 1501 5439 suas
1513 5381 1646 5452 epistolas
1656 5382 1694 5436 ad
1705 5374 1948 5436 ornamenlnnlar

266 5456 352 5513 tbeea
366 5472 550 5528 magnacum
564 5455 713 5526 diligentia
724 5457 903 5517 obseruanda
913 5456 1095 5527 reposuisset,
1150 5460 1212 5511 tuni
1223 5453 1399 5527 apposuisse,
1413 5469 1470 5508 non
1485 5452 1624 5508 utlaudas
1638 5450 1746 5506 alienes
1755 5433 1949 5519 usurparsLSt·d

268 5526 377 5608 utiade
392 5527 515 5597 perillus
529 5530 641 5583 tantum
653 5527 701 5599 qui
715 5533 877 5598 praeessent.
894 5529 1009 5598 sinendo
1025 5543 1097 5598 opus
1151 5526 1352 5598 interrogetur,
1379 5525 1506 5589 obsecro,
1536 5524 1687 5595 cujusnam
1704 5520 1739 5577 ait
1752 5519 1800 5575 llla
1814 5512 1948 5590 lucubratis

268 5601 353 5663 esset,
370 5603 534 5669 incorrupte
547 5598 743 5666 haurirentur,
758 5597 842 5669 idque
864 5597 920 5652 buc
939 5614 1029 5669 usque
1043 5598 1097 5653 oli·
1151 5592 1947 5667 quemeeeoettieeeiesimiaveruieasaeeiiieieieaeeuu

269 5682 315 5723 aar
334 5672 415 5727 atum
432 5668 461 5725 lu
475 5673 542 5747 piet,
559 5671 704 5739 quomedo
720 5669 758 5724 sd
772 5667 842 5727 bo'u
882 5676 986 5727 manua
1001 5685 1097 5739 perve-
1258 5666 1288 5722 lii
1301 5666 1527 5737 primaepiitola
1537 5665 1821 5737 elanguescendum
1832 5652 1948 5722 inaltet

269 5738 319 5795 ιιι
331 5738 374 5807 ιι
390 5746 448 5801 ιιι
473 5736 553 5811 ierit
564 5735 642 5807 istie
659 5730 732 5805 ltlae
749 5680 940 5803 serissime
953 5740 1006 5807 eiu
1020 5735 1097 5810 quei
1203 5731 1383 5811 isopleura
1395 5742 1468 5804 ιιιι
1479 5739 1517 5794 ιι
1531 5732 1619 5794 taem
1631 5716 1948 5807 seminantem
