4032 6176
3 5398 4 5403 ¹
80 5373 228 5433 Thaataro

3 284 4 363 j
94 266 145 329 sss
481 270 517 337 u
538 272 569 335 s.
592 268 770 343 cascesa
790 267 928 332 ιιιιιιιιιι
947 262 1285 332 sscuavmrouuu
1305 218 1426 334 vora.
1612 254 1617 259 ’
1739 272 1797 335 ιιι
1883 282 1886 287 ’

95 404 135 455 ter
144 414 210 454 eam
217 400 388 471 repetebant
400 418 407 467 ;
417 403 467 458 sed
476 404 512 459 ad
521 401 648 476 singutas
658 403 816 460 mersiones
825 400 920 471 singu·
935 403 958 462 Α
975 398 1136 480 ceritiorum
1149 399 1311 471 Graecorum
1327 401 1355 457 in
1371 401 1425 457 hac
1437 401 1531 458 torma
1544 402 1679 486 baptismi
1693 404 1799 463 indica·

96 471 263 540 lapersanus
278 473 513 538 nominabantur,
527 479 557 529 ut
570 479 688 544 patetex
701 475 797 530 cortice
807 471 920 529 Ratoidi
975 472 1043 524 tiva.
1063 471 1141 527 Unde
1157 472 1247 527 miror
1261 490 1310 527 cur
1323 474 1440 544 quidam
1457 474 1618 531 scholastici
1634 477 1801 548 scripserint

96 541 213 596 abbatis:
225 542 325 597 Deructe
331 544 453 613 baptizat
461 546 720 601 ematurata-uu
726 552 922 601 ruer-eunoicu-
975 543 1088 597 Grarcos
1102 542 1228 613 proferre
1239 544 1338 599 solitos
1351 544 1598 615 baptizaremur
1610 554 1753 629 praeterea
1766 567 1801 605 ex

96 620 277 668 scissurae-ru
294 614 462 671 Trinitatem
476 616 554 672 asrael
566 617 702 680 irrorans,
724 626 749 672 et
761 616 850 671 diceus
862 633 871 669 .·
883 614 921 669 Et
975 611 1045 667 locis
1065 613 1159 669 citatis
1183 613 1289 684 priscos
1313 616 1416 670 Grecos
1440 633 1498 670 uon
1513 619 1664 689 protulisse
1678 619 1738 675 haec
1753 639 1801 676 vo·

97 701 136 753 epo
146 682 327 755 baptisotein
340 691 447 741 srouu'ue
457 689 592 749 Patristet
603 687 803 758 marpatseraelt
814 694 838 741 et
850 686 921 741 Filii
975 682 1077 738 cabula
1092 684 1119 739 iu
1136 682 1231 739 torma
1251 685 1396 756 baptismi,
1411 688 1423 738 i
1439 683 1531 749 dautur
1543 698 1587 741 rou
1603 698 1679 752 urar,
1703 691 1733 746 id
1746 696 1799 748 est.

97 760 127 819 tet
139 764 252 826 aarum)
262 754 353 828 354
368 758 503 813 iterumst
516 758 636 830 Spiritus
643 766 730 815 saneti
743 761 855 830 (serpat
867 765 921 811 ter·
975 771 1074 809 servus
1089 755 1148 819 Dei,
1164 756 1212 812 sed
1230 773 1247 811 a
1261 756 1464 813 recentioribus
1482 759 1579 815 addita
1595 760 1691 816 tuisse.

97 826 150 895 tio).
161 827 205 881 lta
221 827 310 881 etiarn
322 826 446 885 babetur
456 829 484 884 iu
498 828 584 885 veteri
600 829 705 886 Ordine
719 847 771 885 rna.
786 828 918 887 biblioth.
1012 826 1099 951 355
1110 828 1307 883 Notandusest
1315 827 1401 883 etiarn
1411 845 1490 883 error
1498 830 1702 901 Cedrrui,cum
1712 830 1799 889 histo-

97 896 171 953 Corb.
193 897 450 968 iiisastipulantur
464 898 539 956 Orda
563 903 708 959 Romanus
729 906 757 955 et
773 899 919 964 Alcuiuus,
975 896 1049 953 riam
1065 897 1084 950 T
1097 898 1205 959 teodori
1226 898 1326 964 iudaei,
1350 899 1398 969 qui
1412 899 1505 969 primo
1531 916 1619 956 arena
1642 904 1800 973 baptizatus

97 967 138 1022 tib.
150 970 185 1022 de
199 964 305 1025 divinis
321 969 441 1037 Oiiiciis,
457 987 519 1041 cap.
534 972 568 1029 de
584 971 710 1027 Sabbata
734 976 833 1027 sanato
863 971 921 1025 Nec
975 969 1138 1032 estduude
1149 986 1232 1041 aqua,
1243 970 1399 1040 adtempas
1410 970 1800 1045 biarciriutoniniiruperato·

5 1056 11 1097 :
95 1038 446 1110 abhorretiinchoiogium
458 1040 919 1114 Graecoruminsequeutiusancti
975 1038 1013 1092 ris
1026 1039 1195 1105 relert,cum
1209 1040 1800 1115 multisposterniscontigeritNamtoan·

95 1110 293 1181 baptismatis:
312 1116 469 1177 Βαπτιζιται
483 1117 496 1166 i
512 1109 602 1175 lautae
615 1122 661 1166 roa
686 1115 777 1167 θεοῡό
798 1110 871 1166 δεῖνα
885 1111 921 1173 εἰς
974 1125 1024 1163 nes
1043 1111 1181 1176 Moschus,
1195 1111 1243 1182 qui
1264 1113 1397 1168 camdem
1414 1112 1562 1168 historiam
1578 1131 1640 1185 cap.
1655 1114 1743 1170 citato
1758 1133 1802 1172 rc·

95 1201 121 1233 re
145 1181 228 1253 trapa
252 1191 297 1234 :aa
313 1190 427 1255 Πατρος.
452 1184 529 1257 ἁμήν.
548 1190 598 1238 Καὶ
621 1194 667 1238 τοῦ
681 1188 753 1251 tior,
775 1183 853 1256 iper.
870 1187 921 1237 itai
975 1180 1039 1244 tert,
1056 1181 1124 1236 vixit
1137 1182 1211 1237 cirea
1222 1199 1332 1237 anuum
1345 1183 1458 1239 Domini
1473 1184 1802 1251 sexcentesimumscri·

94 1252 400 1326 scripturusscriptures,
422 1252 500 1327 iper.
522 1263 575 1309 Nor
602 1261 647 1309 sat
674 1254 712 1311 lai
736 1261 779 1309 καὶ
804 1255 836 1318 ἐς
861 1264 921 1316 τοὺς
975 1250 1075 1321 hiique·
1088 1253 1201 1307 Patrem
1216 1256 1370 1324 quemdum
1388 1256 1531 1311 andream
1553 1255 1618 1310 huic
1633 1258 1800 1327 baptismati

95 1323 182 1385 αἰῶνας
206 1333 258 1375 τῶν
280 1324 388 1391 αἰώνων,
413 1324 493 1398 ἀμήν.
508 1326 619 1400 'Essiam
644 1332 788 1400 προσρήσει
800 1330 920 1397 κατάγων
974 1322 1144 1382 interfuisse.
1159 1328 1264 1378 etcum
1280 1342 1313 1379 eo
1328 1325 1483 1395 aliquando
1506 1326 1676 1383 collocutum
1703 1329 1798 1384 scrisse.

94 1394 177 1464 ritas,
190 1400 237 1447 καί
253 1393 366 1467 ἀνάγων.
381 1398 411 1451 id
427 1403 470 1453 est
486 1414 492 1452 z
518 1399 553 1453 ita
577 1400 679 1453 tizatur
693 1415 791 1454 servas
808 1398 855 1452 Dei
872 1395 918 1451 lll.
973 1395 1100 1449 Tandem
1116 1396 1325 1450 observandum
1342 1397 1455 1451 Grecos
1470 1399 1505 1451 ad
1519 1398 1656 1470 cujusquo
1673 1416 1800 1470 personae

91 1465 119 1521 in
133 1465 252 1521 nomine
269 1467 487 1534 Patris,a1neu;
503 1474 531 1524 et
567 1468 619 1532 itii,
632 1485 738 1529 amen:
757 1472 786 1525 et
799 1468 921 1540 Spiritus
974 1465 1161 1521 sanctissima
1169 1465 1797 1538 Triedisappeiiationemrespondereumen.

92 1537 188 1593 uncti.
206 1554 314 1609 amen;
332 1554 408 1593 nunc
420 1544 449 1595 et
463 1557 585 1610 semper.
602 1545 631 1596 et
642 1539 670 1595 in
686 1540 791 1596 saecula
805 1540 921 1596 srecqu-
975 1535 1061 1606 idque
1074 1552 1108 1591 ex
1122 1537 1242 1608 antiquo
1255 1554 1346 1597 more.
1360 1554 1445 1608 quem
1459 1539 1555 1595 ridere.
1570 1545 1614 1595 est
1626 1542 1701 1611 apud
1715 1544 1799 1596 toan·

91 1624 163 1669 rum,
184 1625 290 1669 amen:
308 1610 345 1663 ad
360 1610 486 1681 singulas
500 1611 717 1682 appellationes,
733 1626 920 1682 personarum
974 1622 1039 1662 nem
1053 1607 1209 1675 Moschum,
1225 1625 1290 1679 cap.
1314 1609 1402 1664 citato
1416 1625 1422 1663 :
1438 1609 1523 1682 ‘uper
1545 1613 1745 1665 iuasavstrruu
1767 1616 1798 1666 τὸ

93 1679 230 1744 videlicet,
251 1681 425 1752 demergens
437 1698 503 1737 eum
517 1688 547 1737 et
567 1682 715 1739 attollens.
741 1683 819 1737 iluna
832 1682 919 1736 ritum
975 1676 1043 1750 ἁμήν
1058 1678 1116 1731 καθ’
1128 1680 1237 1732 ἕκαστον
1257 1683 1336 1752 ὄνομα
1363 1689 1411 1741 τῆς
1435 1681 1513 1806 ἀνθίας
1527 1688 1573 1733 καὶ
1592 1684 1736 1753 ὁμοονσὶου
1751 1692 1800 1746 τῆς

91 1750 162 1805 clare
173 1750 247 1805 satis
261 1751 393 1806 videmus
406 1753 479 1823 apud
492 1753 768 1817 Tertullianumtib.
784 1755 920 1808 adsersus
936 1757 957 1819 Β
974 1758 1159 1820 spararemus
1172 1747 1296 1823 Τριάδὸς·
1314 1753 1342 1806 ιιι
1367 1757 1410 1806 est
1426 1771 1432 1809 :
1482 1752 1542 1807 obis
1561 1755 1799 1824 respondentibus

90 1822 226 1876 Praxeam
244 1838 252 1875 ι
266 1822 305 1877 Ει
325 1824 465 1879 aaoissuue
478 1824 645 1879 uroadrasut
659 1825 813 1895 tiupaeraat
825 1825 854 1879 ia
868 1826 920 1879 Pa·
974 1823 1060 1875 sues
1076 1838 1125 1890 per
1134 1822 1248 1894 singula
1263 1822 1381 1877 uomina
1391 1827 1498 1878 sauctae
1509 1828 1538 1878 et
1547 1825 1799 1883 consubstantialis

90 1900 166 1954 trem,
186 1899 213 1945 et
230 1892 350 1957 Filium,
364 1899 389 1948 et
404 1894 539 1965 Spiritum
560 1903 693 1959 sanatura,
707 1912 761 1950 uou
781 1897 918 1959 ipsuum,
974 1892 1130 1947 adorandae
1152 1892 1307 1948 Trinitatis.
1332 1894 1373 1949 ita
1396 1893 1483 1949 etiarn
1498 1895 1660 1951 habeturiu
1676 1902 1796 1953 tractatu

89 1980 148 2017 sarrs
162 1980 211 2017 aec
222 1962 315 2027 ursel,
330 1964 377 2020 ssd
391 1972 434 2019 ter
445 1966 481 2019 od
493 1968 519 2020 si
575 1966 602 2020 la
617 1967 728 2021 uaaiua
744 1967 775 2020 iu
798 1966 919 2037 siapulas
974 1963 1069 2019 Severi
1086 1964 1267 2019 Alexandrini
1285 1964 1464 2034 patriarchae.
1849 2008 1853 2013 .

87 2035 395 2105 perrasastinpuimsr.
412 1983 593 2092 recreantis
607 2037 763 2108 aliquando
781 2037 918 2093 usitatam
1008 2032 1070 2089 32⁴.
1092 2035 1146 2098 Osi
1159 2036 1661 2107 laciutsipuururrucisdschrismate
1675 2054 1734 2094 eam
1778 2037 1798 2093 l·

89 2107 157 2185 spud
173 2106 305 2170 Graecos,
322 2112 353 2161 ut
375 2111 418 2161 ter
438 2125 499 2178 ipsa
520 2108 615 2162 torma
634 2114 819 2178 repeteretur,
842 2109 917 2179 quad
973 2103 1023 2159 lire
1035 2106 1066 2159 iu
1080 2106 1179 2161 restire
1205 2107 1283 2161 ttain
1298 2105 1619 2173 Codicibasiibemeusi,
1633 2111 1728 2165 tiodra
1751 2110 1799 2165 iet

89 2176 289 2246 rideturapud
303 2176 465 2233 cedrenum
482 2179 508 2232 in
532 2179 701 2249 compendio
720 2179 852 2235 Historiae
867 2182 918 2235 sub
973 2174 1097 2241 Rtt⁰ldb
1112 2180 1143 2232 et
1156 2179 1233 2257 tpud
1249 2178 1416 2233 tumetium·
1443 2178 1569 2249 i'uitque
1584 2186 1665 2236 tetus
1681 2195 1799 2236 consue·

87 2248 119 2300 s.
131 2248 287 2303 Antonino
298 2264 306 2303 ε
317 2247 462 2318 'essperia
473 2248 576 2321 ἑπέχιιν
586 2249 628 2303 iat
641 2255 688 2307 τὴν
699 2269 728 2303 κε
747 2251 820 2314 αλιι,
831 2257 918 2304 ratres
973 2248 1043 2301 tudo
1057 2251 1089 2302 ut
1103 2248 1238 2317 baptizati
1252 2249 1350 2303 statim
1365 2248 1522 2305 chrismate
1548 2250 1577 2304 in
1594 2250 1697 2306 vertice
1713 2267 1798 2322 unge·

85 2318 172 2388 iqua,
188 2319 357 2379 Βαπτιξιται
371 2318 519 2393 aarum,
533 2326 585 2376 etc.
603 2322 706 2377 idest:
724 2272 777 2377 ter
791 2304 919 2378 iufundit
973 2323 1080 2373 rentur.
1098 2319 1127 2373 td
1143 2322 1264 2375 testatur
1284 2320 1363 2374 iesse
1381 2319 1582 2376 ambianensis
1606 2321 1797 2392 episcopusin

84 2406 168 2460 saper
181 2394 275 2459 eaput
290 2393 334 2445 ter
347 2390 445 2445 dicens
461 2408 467 2446 :
485 2391 646 2463 Baptizatur
666 2392 840 2455 Theodorus,
857 2399 913 2451 otc,
973 2389 1055 2459 epist.
1071 2389 1107 2443 ad
1130 2392 1293 2445 sacerdotes
1308 2391 1343 2445 de
1357 2390 1500 2461 baptisma
1516 2409 1523 2447 :
1544 2391 1691 2463 Baptizato
1708 2400 1798 2448 amem

4 2454 11 2515 Ϊ·
83 2462 161 2530 apud
178 2469 320 2515 sanctum
342 2463 535 2521 Ambrosium.
553 2463 602 2517 tib.
620 2465 916 2529 ivdeSaeramentis,
972 2461 1119 2542 tacitprss
1153 2461 1797 2585 sarsipuumerucuuetrtmaeirvertice;

80 2547 141 2601 cap.
157 2532 206 2587 17.
221 2531 269 2586 bis
282 2531 475 2589 mersionibus
487 2534 707 2605 interponuntur
721 2534 919 2606 interrogatio·
972 2535 1000 2584 et
1014 2530 1092 2585 intra
1108 2547 1114 2587 ἱ
1155 2548 1235 2586 aare
1253 2534 1365 2587 rituale
1375 2540 1455 2605 caput
1465 2534 1645 2605 prespiter.
1660 2535 1798 2590 Tbeodui·

80 2601 186 2658 nasia
214 2603 294 2657 hunc
316 2604 459 2659 modurn:
488 2605 677 2675 iaterropatus
695 2622 745 2660 es:
772 2606 867 2661 Credis
888 2608 918 2661 iu
991 2600 1206 2672 husepiscopus
1227 2603 1451 2660 Aurelianensis.
1474 2605 1523 2660 tib.
1548 2621 1603 2659 ms.
1629 2606 1665 2661 de
1691 2606 1797 2662 Ordine

82 2673 167 2729 usn
182 2673 300 2729 Patrem
314 2675 545 2743 omnipotestatis?
558 2676 655 2731 maists
670 2676 765 2741 Grada,
786 2679 916 2739 mersisti,
971 2618 1117 2742 Ktttiifflssi»
1148 2690 1210 2745 ⁰³9·
1239 2676 1296 2729 th:
1331 2675 1540 2745 Βαιιιιαιθιιιιῑ
1577 2678 1667 2748 liutet
1705 2678 1797 2749 cautla

80 2744 281 2816 iatsrropatus
295 2761 342 2799 ss:
358 2746 454 2801 (tr-estis
475 2748 507 2801 iu
525 2747 664 2803 bominum
681 2755 805 2803 possmus
826 2751 917 2805 rarum
970 2742 1115 2799 chrismate
1130 2740 1288 2809 linteatum
1303 2753 1327 2801 st
1339 2745 1418 2819 [Leg.
1439 2745 1482 2819 at]
1499 2749 1529 2802 ia
1542 2756 1660 2818 rapuoet
1675 2747 1796 2803 raseria-

80 2816 235 2875 Christum.
256 2823 282 2871 st
297 2817 327 2870 ia
351 2832 456 2873 msam
477 2819 560 2888 ejas?
583 2818 682 2874 dixisti
693 2818 797 2884 Credo,
810 2827 836 2874 et
849 2837 917 2875 ruer·
970 2815 1010 2869 tia
1024 2814 1149 2870 Ecclesia
1162 2815 1288 2880 delibati,
1304 2825 1328 2872 et
1342 2817 1498 2873 Christiasri
1520 2820 1637 2873 uamisis
1661 2834 1796 2891 praeapo-

77 2889 153 2949 sisti,
167 2894 225 2942 eta.
244 2888 339 2942 Tertio
358 2896 383 2943 et
397 2890 621 2959 r'aterropatusss
634 2906 643 2945 :
657 2890 753 2945 Credis
770 2897 795 2945 st
809 2891 839 2945 irs
855 2891 917 2962 Spi·
971 2886 1214 2957 ttoauautptusc
1230 2896 1255 2943 et
1272 2889 1333 2958 titt
1352 2888 1480 2954 membra,
1549 2890 1620 2945 ’θοι
1633 2891 1758 2955 redemit,
1771 2895 1796 2944 tt

79 2959 168 3013 ritum
190 2960 460 3015 mmtdiaeiati
484 2960 578 3024 Credo,
602 2962 826 3017 tertrameruixti,
854 2965 918 3018 Haeo
970 2965 1156 3029 eorumraptsl
1178 2966 1226 3023 etl,
1250 2960 1325 3031 effici
1349 2959 1465 3015 valeant.
1491 2962 1501 3015 l
1538 2960 1626 3017 ettam
1651 2961 1741 3033 liquet
1763 2977 1797 3016 ex

79 3028 147 3089 ute;
162 3029 215 3099 qui
234 3030 371 3099 quamvis
392 3031 502 3086 nuttam
520 3032 619 3088 torrura
636 3032 813 3088 mentionem
838 3032 917 3103 iacit,
971 3028 1138 3092 Fortunam.
1163 3030 1212 3084 lib·
1239 3047 1263 3095 v.
1289 3048 1380 3090 turm·
1400 3033 1427 3094 l,
1450 3032 1497 3087 ubi
1523 3031 1583 3102 tigit
1608 3033 1643 3088 de
1658 3032 1797 3089 Judoeisa

78 3115 143 3155 mm
166 3106 271 3155 mmea
293 3100 365 3156 satis
386 3100 480 3157 innuit
501 3102 550 3157 lib.
577 3121 604 3158 ιιι
630 3104 666 3158 de
684 3104 791 3174 Spiritu
806 3109 917 3168 sancto,
933 3104 956 3167 C
971 3104 1071 3155 sancto
1085 3101 1167 3156 brito
1180 3101 1312 3172 episeopo
1331 3105 1467 3159 Arvernae
1481 3102 1653 3173 baptizatis:

78 3187 140 3240 sap.
159 3172 220 3226 18:
248 3172 385 3236 Οιιοπιοιιο
410 3174 563 3243 ipituraou
585 3175 675 3229 amaia
696 3174 773 3229 babet
797 3176 918 3246 quatiet
1074 3223 1079 3233 .
1295 3225 1300 3235 .
1428 3226 1433 3236 .
1485 3225 1490 3234 .
1554 3222 1559 3235 .

77 3249 153 3303 m,
166 3243 221 3312 w·
234 3258 297 3297 m
310 3243 396 3299 Pam
409 3250 433 3299 et
445 3245 545 3299 Fui-oa
555 3245 737 3301 mmm,
745 3248 776 3301 in
787 3245 918 3317 baptismo
1049 3223 1167 3297 vincens
1179 3224 1333 3275 Ambrossos
1360 3239 1435 3298 suam
1452 3239 1596 3298 spiramine
1616 3225 1721 3314 adores,

79 3314 245 3368 Μίκων
1096 3285 1200 3337 Verbce
1215 3287 1323 3351 pertuso
1338 3288 1490 3339 chrismatis
1503 3288 1576 3337 eruat
1588 3288 1673 3347 odor,

116 3388 160 3439 An
176 3401 247 3439 vero
262 3384 326 3439 baec
340 3385 488 3447 vocabulo,
509 3403 555 3456 epo
569 3386 676 3456 baptiso
687 3394 724 3455 ts,
738 3391 865 3458 spectent
880 3389 916 3444 ad
971 3390 1071 3441 sancto
1093 3387 1255 3453 Ambrosio,
1278 3387 1327 3442 tib.
1343 3404 1373 3443 ιιι
1394 3390 1430 3443 de
1448 3388 1652 3453 Sacramentis,
1669 3406 1732 3461 cap.
1753 3391 1766 3445 ι
1789 3410 1796 3449 ;

80 3455 288 3511 mutatam
305 3454 407 3510 termae
420 3456 508 3528 bajus
522 3459 706 3522 sacramenti,
721 3475 758 3515 aa
773 3459 917 3515 invocatio
971 3456 1079 3528 Accipis
1098 3466 1189 3512 autera
1214 3460 1381 3530 mysterium,
1407 3459 1453 3513 boo
1473 3464 1510 3512 est
1534 3468 1701 3530 supersum
1714 3478 1799 3532 aspra

81 3525 143 3580 sola
194 3542 352 3581 raonarum
367 3527 556 3585 sanctissimae
569 3528 716 3583 Trinitatis
729 3531 768 3585 nd
787 3530 917 3586 validita·
970 3536 1061 3599 rapat,
1082 3530 1149 3599 pesa
1172 3531 1456 3600 ausuapteuatu
1479 3531 1565 3600 capite
1589 3532 1799 3601 airusalems

82 3602 140 3651 ιιιιιι
156 3543 247 3668 ffivjus
262 3599 439 3654 sacramenti
454 3597 591 3662 sutticiat,
606 3600 727 3655 dicendo
743 3604 867 3655 tanturn.
882 3602 917 3656 lu
970 3598 1021 3653 ait.
1036 3601 1095 3655 iiac
1113 3600 1147 3654 de
1162 3616 1192 3654 re
1201 3605 1288 3669 agunt
1302 3607 1418 3655 sanctus
1430 3600 1565 3660 isidorus,
1577 3600 1625 3655 tib.
1639 3618 1657 3655 ιι
1669 3604 1703 3657 de
1714 3603 1797 3661 Oltic.

83 3669 191 3722 sanias
215 3668 325 3734 Patris,
341 3676 366 3723 et
388 3670 468 3727 Filii.
489 3676 513 3723 et
535 3670 659 3741 Spiritus
671 3673 768 3735 abacti,
790 3672 917 3753 disputat
971 3669 1050 3731 ecci..
1064 3685 1130 3739 cap.
1145 3672 1179 3723 25
1192 3676 1221 3725 ct
1234 3671 1288 3734 uu;
1308 3676 1424 3727 sanctus
1443 3670 1636 3733 innocentius,
1658 3672 1686 3727 in
1706 3673 1792 3743 epist.

83 3739 250 3809 Stephanus
264 3740 463 3803 tornacensis,
478 3740 559 3810 epist.
573 3742 601 3795 b.
622 3744 692 3797 Cum
707 3744 783 3803 enirn
798 3744 916 3813 quidam
971 3741 1007 3795 ad
1025 3740 1189 3795 {tacentium
1203 3741 1380 3811 episcopum,
1395 3748 1425 3797 et
1446 3741 1495 3796 alii
1512 3740 1653 3797 nonnulii.

83 3808 271 3867 xhdroeresis
288 3810 523 3866 claromontense
538 3810 637 3882 inopia
657 3813 813 3867 sacerdotis
825 3814 915 3869 titium
1005 3810 1069 3865 325.
1090 3810 1162 3867 Deus
1183 3814 1348 3884 omnipotens
1368 3814 1462 3877 Pater,
1485 3816 1537 3868 ete.
1559 3814 1625 3867 Hac
1645 3814 1746 3869 eadem
1766 3814 1794 3870 ia

82 3895 168 3934 marn
188 3881 344 3951 sadejaaset
358 3881 403 3951 (ιιι
430 3882 488 3963 ipse
504 3882 642 3953 loquitur>
660 3900 784 3955 eumque
804 3884 915 3941 immer·
971 3881 1104 3939 unctione
1118 3882 1253 3947 turmula,
1269 3884 1371 3939 saitem
1382 3885 1465 3955 juxta
1477 3900 1604 3942 sensum.
1617 3889 1707 3940 exstat
1719 3887 1796 3956 apud

83 3953 179 4020 grado
202 3952 248 4007 his
271 3952 367 4007 verbis
389 3952 550 4017 omissise
609 3953 715 4024 baptiso
736 3963 774 4017 ts,
799 3955 916 4011 dixisset
970 3959 1102 4011 sanctum
1116 3954 1792 4027 Ambrosiumtib.udeSacrameutis,cap.i:

84 4025 208 4077 tantum.
222 4022 258 4077 Iu
267 4024 377 4078 numism
388 4024 495 4087 Patris,
509 4031 534 4078 et
573 4024 631 4089 ilii,
644 4032 668 4079 st
683 4025 807 4096 Spiritus
816 4028 914 4091 uuest,
971 4024 1185 4094 Erpouerristi,
1200 4027 1298 4081 varari
1311 4026 1347 4080 ad
1363 4027 1536 4091 mcerdotem,
1550 4026 1616 4096 puta
1634 4027 1687 4082 tibi
1699 4028 1797 4083 dissiti

85 4090 145 4147 berc
157 4094 283 4149 resciens
290 4094 392 4149 Petrus
401 4094 641 4149 Cieromontauus
655 4097 804 4167 episcopus
816 4113 917 4153 consu-
970 4094 1051 4159 Desa,
1068 4095 1095 4153 in
1120 4095 1170 4161 uit,
1194 4096 1278 4151 Pater
1292 4104 1465 4167 amuspateus,
1481 4098 1530 4167 qui
1543 4104 1568 4151 te
1583 4100 1750 4169 reposuerit
1764 4116 1797 4154 ss

85 4161 136 4217 init
151 4165 346 4220 venerabitem
361 4166 526 4221 Mauriciuur
541 4166 718 4222 Parisiorum
727 4167 913 4237 episcopum;
969 4182 1038 4236 aquo
1054 4174 1078 4221 et
1099 4113 1213 4235 tpirita
1235 4175 1333 4228 sacua
1349 4170 1524 4240 annueritque
1539 4168 1591 4223 tibi
1610 4177 1719 4241 precata
1736 4174 1795 4235 tua,

84 4235 131 4302 qai
148 4240 181 4290 at
192 4235 344 4306 respondit
360 4237 471 4291 nuttam
486 4253 547 4292 esse
561 4238 704 4309 ejusmodi
728 4238 913 4308 baptismam,
970 4238 1025 4307 ipss
1040 4244 1064 4290 te
1078 4245 1164 4306 uruat
1179 4239 1209 4292 ia
1220 4240 1306 4293 ailam
1319 4246 1456 4293 cateruam.
1741 4284 1748 4295 .

87 4320 142 4359 nou
155 4311 311 4363 contentus
337 4308 438 4363 Petrus
457 4307 568 4377 scripsit
583 4308 728 4378 Stephano
742 4311 914 4367 Tarracensi
1005 4307 1067 4363 326.
1089 4308 1156 4364 Gara
1166 4309 1259 4365 liuteis
1271 4311 1302 4364 iu
1313 4310 1445 4365 mutem.
1457 4312 1500 4366 Αιι
1511 4311 1696 4367 involvendos
1705 4311 1797 4382 bapti·

85 4376 228 4457 episeopo,
244 4377 293 4449 aui
309 4377 456 4448 rescripsit
468 4379 609 4449 ejusmodi
624 4379 821 4437 formamesse
835 4382 914 4437 auiti·
968 4384 1056 4444 satos,
1074 4384 1105 4433 ut
1120 4380 1357 4449 primumet'onte
1369 4383 1469 4450 pedem
1479 4382 1641 4447 extulerint,
1650 4384 1734 4454 Juxta
1746 4399 1796 4437 aa·

86 4454 217 4514 aarum,
239 4454 268 4505 et
283 4448 429 4520 ejusmodi
444 4450 537 4516 verba,
553 4467 598 4521 epa
612 4449 720 4521 baptiso
732 4458 768 4511 te,
786 4468 841 4509 non
853 4469 915 4523 spe·
931 4463 952 4525 p
969 4449 1081 4521 tiquam
1102 4452 1350 4508 cousuetudinem.
1375 4453 1448 4507 Nudi
1473 4454 1550 4509 enim
1572 4454 1718 4510 aiaracro
1733 4468 1795 4508 sar·

84 4523 160 4576 stare
174 4523 211 4575 ad
228 4521 387 4576 essentiam
415 4521 516 4576 torma
540 4522 729 4591 baptismatis,
748 4539 781 4578 ac
796 4524 914 4595 proinde
968 4526 1098 4592 gentesa
1116 4529 1279 4592 susceptore
1293 4522 1382 4579 linteo
1393 4524 1623 4590 involvebantur,
1641 4529 1672 4580 ut
1684 4525 1795 4580 ciarum

84 4591 227 4660 ejusmodi
242 4592 389 4661 baptisma
413 4591 539 4647 validum
562 4592 668 4657 lnisae;
685 4594 795 4665 hocque
819 4595 914 4650 nervis
969 4597 1011 4647 cst
1024 4609 1057 4648 ex
1074 4592 1184 4649 Victore
1200 4594 1335 4657 Uticensi,
1354 4594 1445 4653 tibur
1470 4595 1541 4651 Hist.
1559 4595 1722 4651 Vandalicas
1735 4612 1794 4666 per·

3 4726 5 4734 .
84 4663 215 4719 omnibns
229 4665 354 4787 probare
368 4661 478 4717 aititur.
495 4664 560 4719 Hac
575 4668 672 4719 tamen
687 4665 785 4736 opinio
805 4666 914 4722 theoto·
969 4665 1153 4745 recubabat
1165 4681 1234 4746 earu,
1250 4664 1408 4747 tilpidaloru
1421 4666 1525 4748 sedatus
1545 4675 1571 4722 st
1592 4669 1734 4739 tramenta,
1751 4667 1795 4721 ba·

3 4812 13 4853 =.
82 4734 517 4862 ‘euuuttututttu
548 4806 914 4863 sumamma.
968 4735 1793 4879 ttutturumututetuuuuuuuu

6 4900 22 4947 u
82 4876 189 4932 triadis
203 4876 464 4948 praemittuatbaec
479 4821 565 4931 verta
580 4893 586 4931 :
604 4880 794 4941 Βαπτιζιταιὸ
821 4874 914 4940 lautae
965 4877 1044 5002 picas
1060 4876 1092 4933 de
1116 4886 1177 4932 aata
1194 4877 1293 4933 dadum
1309 4886 1413 4934 reserat
1435 4879 1533 4934 sabura
1549 4880 1687 4949 bairshbot
1700 4899 1712 4944 ,·
1730 4880 1792 4950 pui-

81 4956 125 4997 sse
140 4956 221 5010 osas,
236 4948 266 5002 iri
282 4951 328 5003 cst
345 4965 352 4999 :
379 4946 542 5017 Baptizatur
562 4964 661 5003 servus
677 4948 736 5011 bei,
760 4953 789 5005 et
808 4965 912 5004 nomen

81 5018 213 5089 viriusqai
224 5019 400 5087 baptizatur,
411 5018 556 5073 uictarum
568 5023 612 5073 est
624 5035 656 5074 ex
665 5036 766 5077 eorum
777 5020 914 5075 Euchaio·
968 5020 1014 5081 sis,
1031 5019 1061 5073 iu
1075 5018 1118 5075 bia
1133 5019 1218 5075 verbis
1233 5027 1315 5075 totam
1337 5020 1373 5074 ad
1387 5022 1479 5089 pletura
1493 5029 1518 5077 et
1539 5023 1670 5094 laerpuas
1683 5038 1794 5078 comma

79 5089 124 5159 gh»
137 5107 227 5160 sopra
241 5089 344 5154 citato,
362 5088 513 5159 turmaque
527 5094 571 5143 est
593 5090 757 5159 indicativa,
779 5096 810 5146 ut
824 5091 914 5162 liquet
967 5090 1150 5145 vissediaitar
1162 5092 1307 5147 ciuitatem.
1330 5093 1392 5147 Hac
1411 5101 1474 5148 aaut
1500 5093 1669 5153 linteamina,
1682 5094 1795 5165 Elpido-

78 5160 164 5215 stiam
180 5174 194 5203 ³
209 5179 244 5216 ex
259 5163 367 5216 Severo
382 5161 465 5215 toan.
479 5160 602 5221 biascha,
619 5178 683 5231 cap.
697 5163 749 5217 stc
764 5162 842 5217 Prati
857 5164 913 5233 spi·
968 5162 1038 5232 iore,
1062 5162 1187 5217 minister
1201 5164 1316 5227 erraris,
1339 5164 1387 5233 qui
1410 5171 1435 5218 te
1453 5164 1624 5229 musabum,
1649 5166 1715 5221 dura
1737 5165 1794 5222 bla-

79 5234 169 5288 rastra
184 5250 192 5288 z
209 5233 377 5292 Βαπτιζιται
398 5227 534 5306 Θεόδωρος
548 5232 585 5293 εἰς
600 5251 628 5285 τι
642 5231 723 5303 ὄνομα
743 5242 789 5286 τοῦ
805 5237 913 5307 Πατρός,
962 5234 1048 5303 justus
1064 5233 1177 5297 acuerit,
1192 5233 1357 5289 custodiente
1380 5235 1526 5305 dilipcutia
1540 5255 1609 5301 meu,
1625 5236 1661 5291 asi
1678 5239 1795 5291 seesima

78 5300 105 5355 id
117 5310 160 5359 est
176 5327 183 5358 :
202 5305 243 5360 ita
269 5302 713 5361 tiaaturiheodorrsiunamiue
726 5305 824 5367 Patris,
839 5310 912 5371 etc.;
969 5305 1048 5359 utura
1070 5312 1123 5358 lucr
1143 5305 1308 5375 perditionis
1327 5305 1363 5360 ad
1383 5305 1586 5377 amararum
1610 5314 1635 5362 te
1656 5310 1684 5362 iu
1701 5307 1795 5377 abysso

244 5322 366 5439 ttctore,
383 5372 484 5444 ecloga
506 5374 545 5427 t:
571 5375 729 5435 Βαπτιζιται
753 5375 852 5448 Baptae
879 5376 913 5436 εἰς
968 5375 1052 5445 putei.
1066 5374 1126 5429 Hira
1140 5383 1165 5429 ts
1176 5376 1380 5432 iramacrslatum
1395 5381 1543 5433 ciaarrssut
1556 5379 1668 5447 delome
1679 5393 1795 5445 surpere·

985 4965 1015 5003 aa
1031 4948 1105 5003 veriti
1146 4950 1181 5014 is,
1192 4950 1323 5018 simulque
1335 4951 1366 5003 iu
1379 4952 1525 5006 retrusione
1538 4959 1694 5007 turmarum
1703 4959 1794 5006 salsu-

81 5450 155 5516 a'saps
169 5456 217 5499 tea
235 5448 353 5509 ιιατοός,
369 5448 437 5509 etc„
454 5444 482 5498 id
506 5449 547 5499 est
563 5462 569 5499 :
583 5445 748 5515 Baptizatur
762 5448 869 5503 Barbas
884 5446 914 5501 in
968 5446 1070 5501 tami]
1088 5446 1170 5516 epist.
1187 5446 1203 5501 6
1219 5447 1298 5503 Pauli
1309 5464 1388 5519 papa
1397 5450 1435 5504 ad
1450 5449 1579 5518 Pipinum
1590 5464 1687 5519 regem
1701 5466 1707 5505 :
1719 5445 1793 5501 saba·

80 5519 194 5573 nomiae
219 5506 326 5580 Patris,
353 5520 430 5579 etc.;
452 5515 590 5579 Cedreno,
615 5516 678 5571 ioco
700 5534 785 5587 supra
802 5518 912 5572 citato:
968 5534 1031 5571 usur
1053 5518 1175 5572 oulelrret
1196 5520 1225 5573 iu
1240 5536 1290 5589 quo
1303 5520 1559 5575 uostraduloissima
1573 5527 1601 5574 at
1664 5518 1795 5573 amantis·

81 5591 235 5651 ιιιπτιζιται
253 5584 405 5658 ιιιοδωρις.
421 5590 488 5651 etc„
504 5590 533 5641 et
552 5589 604 5642 sub
620 5588 772 5643 Anastasia
788 5588 914 5659 impera·
968 5605 1036 5642 serua
1050 5589 1187 5657 spiritalis
1200 5590 1452 5661 phasaoratiaimo
1461 5589 1608 5646 lauacroab
1620 5593 1794 5659 utamsoepta

83 5654 577 5729 tumtuaerttrrerssipdapae,1ege‚
590 5656 701 5730 biotae.
969 5667 1015 5715 est.
1034 5660 1181 5715 Sabaeum
1206 5666 1301 5716 autern
1324 5667 1365 5716 est
1391 5660 1523 5716 tintcum.
1547 5660 1654 5716 Gtossse
1684 5663 1794 5716 veteres

114 5731 266 5803 Exquibas
281 5729 354 5787 toris
376 5732 449 5785 nota
467 5744 638 5785 consensum
654 5730 812 5801 priscorum
828 5733 910 5786 etrc·
967 5746 1036 5786 mss.
1052 5730 1421 5789 bibliothecaecorhaieusis
1437 5747 1444 5787 :
1461 5730 1727 5789 &manumisisset
1741 5732 1794 5790 ail-

114 5839 218 5896 ¹Forta
236 5836 390 5912 legendum
408 5836 528 5903 turae,
544 5850 599 5908 qua
614 5834 778 5908 cognomine
792 5835 915 5894 ioannes
930 5834 1060 5894 biarchus
1073 5836 1147 5910 apud
1160 5836 1270 5894 Grecos
1284 5842 1378 5895 natus.
