4074 6174
147 5078 150 5081 ’
241 5079 295 5121 nec
320 5076 434 5119 samum
457 5057 576 5115 calicem
598 5054 659 5112 sine
674 5053 821 5111 effusionis
835 5054 930 5126 pericu

252 222 312 286 aas
630 216 671 280 ui
691 220 721 281 s.
745 216 917 283 oasomm
936 214 1073 293 tiranii
1093 191 1421 315 sacratissimaru
1442 184 1593 284 norm
1686 208 1695 219 '
1875 237 1925 298 aa

255 355 401 413 ridentium
410 366 551 409 sumimus.
563 350 631 417 oua
643 354 820 409 consuetudo
833 369 890 410 non
906 350 959 407 luit
968 349 1080 406 unirer·
1094 352 1117 412 Α
1132 348 1205 403 misi
1217 354 1305 407 nostri
1313 351 1377 408 Iam
1392 353 1501 409 Christi
1508 352 1644 408 ciutodi'ut
1655 358 1678 408 te
1687 356 1918 422 saaitaiaeteriiaiu

256 427 334 494 salis,
349 425 374 480 si
387 423 501 495 quidem
521 429 608 479 artata
620 423 712 479 sancti
722 424 823 479 tustini
839 423 985 496 martyris,
1014 436 1079 493 quai
1132 418 1281 491 Sanguinis
1295 425 1402 480 llciai'iii
1416 425 1504 480 austri
1515 426 1575 479 iesu
1586 410 1927 491 Cbrtsiireoimuiatius
2001 474 2002 489 i

256 496 386 571 superior
400 500 443 551 est
455 494 635 564 Tertulliani,
651 496 764 551 diaconi
777 496 910 552 tidelibns
922 510 1024 566 corpus
1051 495 1080 547 et
1135 495 1189 546 tam
1202 495 1602 567 eternam„quaedistinctam
1617 497 1927 566 sumptionemindicaut:
2001 532 2002 569 ι

255 587 306 626 san
330 567 426 623 niuem
440 566 554 621 Domini
565 565 758 638 porrigebant,
774 571 929 623 utconstat
949 584 982 622 ex
1004 562 1080 619 illius
1134 564 1816 639 atdumcommunicatinfirmus,quiingravari
1887 579 1920 633 iit
2001 580 2002 633 ζ

255 585 425 714 Αροῆοςίοἳ
446 653 496 710 pro
518 637 697 703 Christianis,
714 640 747 691 oi
768 637 920 712 satrapae:
943 636 1079 721 pap'bpts
1134 634 1219 689 unica
1233 641 1344 694 tantuin
1358 636 1483 695 formula
1514 638 1651 694 recitatur
1672 637 1700 693 iu
1714 640 1785 696 hunc
1806 660 1849 700 nio
1869 622 1927 704 um}
2001 682 2002 687 κ

256 709 374 766 διάκονοι
389 706 500 763 babbani
512 708 613 783 ἑκάστῳ
642 718 692 763 τῶν
715 715 847 785 παρόντων
884 708 1013 763 aratensis
1028 709 1078 759 aab
1134 708 1277 778 Carpuset
1290 710 1405 781 sanguis
1415 708 1692 765 Dominiiiostri‘lesu
1704 709 1800 768 diditi
1816 717 1929 774 aaudiat

254 791 300 839 τοῦ
315 782 553 857 ιύχαριστνιθὲντος
567 782 647 857 ἄρτου
660 785 702 833 aul
718 784 786 834 οἴνου
801 786 846 835 καὶ
856 778 963 843 aduras
980 778 1077 834 ldest:
1133 779 1253 834 animum
1263 784 1342 837 luam
1355 782 1385 835 ia
1397 780 1483 837 vitam
1490 787 1633 844 aeteraom,
1668 780 1713 835 nia
1725 798 1819 854 corpus
1832 785 1930 845 Domini

254 855 280 915 ll
294 854 341 927 qui
356 853 431 926 apud
444 869 496 910 iios
511 852 624 934 diaconi
637 853 818 925 appellantur
837 852 970 908 omnihus
984 854 1080 931 astan-
1133 847 1163 931 iii
1178 866 1258 906 sacro
1268 851 1408 925 sanguiue
1422 852 1542 908 tinctum
1563 854 1593 909 in
1606 798 1746 911 eodinus
1763 854 1932 930 intirmopor·
2001 864 2002 909 ζ

254 927 330 983 tibus
342 941 448 998 panem
462 928 491 980 et
501 940 601 980 viuum
622 931 649 980 et
664 941 769 996 aquam
795 928 961 981 consecrata
991 936 1082 994 porri·
1131 920 1244 993 rigitur.
2001 978 2002 991 ¹

294 1003 335 1054 ut.
350 999 388 1054 ne
399 994 576 1069 porrectione
592 994 686 1051 calicis
702 1013 719 1052 a
733 994 1081 1067 diaconatusiguiscxstat
1168 991 1231 1048 991.
1250 993 1410 1052 Communia
1426 993 1551 1050 :Pascha
1569 996 1704 1051 dostruat.
1728 992 1800 1051 Psoi.
1818 998 1931 1069 Domina
2001 1028 2002 1045 ι

266 1087 333 1127 ocus
344 1070 422 1140 apud
436 1073 568 1123 sanctum
584 1068 604 1122 C
626 1068 768 1138 priunum,
782 1067 909 1139 Epistola
919 1067 954 1123 de
968 1063 1055 1138 lapsis
1070 1079 1078 1118 t
1130 1063 1254 1135 probasti
1267 1066 1424 1130 mantela
1438 1064 1492 1121 hac
1513 1063 1716 1121 communione
1728 1071 1792 1121 sunt
1814 1068 1934 1140 antipho·

259 1138 312 1200 Uti·
325 1156 387 1196 aero
400 1136 561 1194 solemnibus
610 1138 851 1210 imptetiscaliaaia
878 1138 1008 1194 diaeonus
1039 1134 1080 1206 os·
1134 1150 1172 1190 ua
1185 1141 1214 1191 et
1227 1134 1357 1193 Psalmus
1372 1154 1436 1209 quie
1449 1141 1602 1193 canuntur.
1618 1137 1755 1208 Tempore
1775 1140 1934 1196 communia·
2001 1166 2002 1199 1

255 1214 330 1288 ferre
342 1208 524 1284 mercatibus
536 1207 623 1280 capit,
637 1217 664 1265 et
675 1210 873 1279 accipientibus
887 1208 997 1266 ceteris
1008 1206 1081 1261 locus
1134 1205 1179 1262 nis
1192 1206 1260 1263 olim
1275 1209 1445 1265 cantabatur
1458 1208 1599 1274 psalmus,
1611 1211 1642 1264 ut
1656 1207 1763 1263 clarum
1778 1213 1819 1264 est
1835 1227 1865 1266 ci
1879 1228 1934 1267 san·
2001 1217 2002 1273 1

254 1286 316 1356 ejus
334 1282 454 1345 aduenit,
469 1281 655 1350 laciemsuam
675 1289 795 1352 paramo
823 1282 956 1337 instinctu
980 1277 1081 1334 diviua
1134 1280 1367 1351 ctohugustino,
1391 1279 1439 1336 tib.
1455 1297 1474 1335 ιι
1490 1279 1818 1351 Retractationum,eap.
1834 1281 1881 1336 lt:
1906 1282 1933 1339 lit
2001 1295 2002 1343 t

254 1353 407 1426 Maiestatis
420 1359 589 1418 auerteraos
603 1351 880 1410 tabiisobtaraatibus
891 1366 1024 1423 premere,
1037 1364 1080 1405 aa·
1134 1349 1228 1421 hymni
1238 1350 1585 1407 adaltmediaeraaturde
1604 1350 1772 1405 l'sotiiiorum
1794 1350 1870 1417 libro,
1888 1354 1935 1408 siae
2001 1348 2002 1409 ᾖ

254 1427 333 1484 licem
344 1440 480 1488 remeare,
491 1423 619 1479 Perstiti‘t
638 1430 724 1479 tamaii
741 1424 912 1479 dissonaret
927 1419 1082 1478 reluctanti
1134 1429 1196 1476 aate
1210 1421 1389 1489 Oblationes,
1404 1426 1460 1478 siae
1469 1440 1529 1478 cum
1546 1421 1759 1477 dutribaeretar
1769 1421 1861 1494 populo
1872 1424 1936 1494 quod
2001 1418 2002 1483 1

255 1500 326 1562 licet,
342 1497 373 1553 de
384 1494 663 1577 amrameataaatici's.
675 1495 790 1567 infudit.
802 1495 856 1551 Sed
866 1511 958 1566 neque
972 1492 1001 1547 id
1017 1507 1080 1563 pro·
1133 1491 1228 1563 [uiuet
1242 1493 1376 1558 ablatum,
1392 1498 1447 1550 cte.
1473 1491 1571 1557 Greci,
1597 1491 1706 1548 clericis
1723 1494 1934 1560 communicatis,
2001 1496 2002 1547 t

253 1569 348 1626 hibuit
360 1565 513 1624 concilium
531 1569 674 1621 Nicaenum
692 1584 709 1634 ι,
734 1582 797 1622 can.
816 1566 860 1633 18,
886 1567 935 1622 sed
958 1566 1028 1620 abra
1049 1566 1080 1617 at
1133 1564 1335 1621 cumreterunt
1349 1564 1503 1622 muscaria.
1519 1580 1568 1621 seu
1583 1564 1708 1629 tlabella,
1723 1565 1821 1632 discos,
1836 1565 1934 1631 calices,
2001 1595 2002 1619 i

252 1645 367 1698 tautum
377 1654 494 1712 prauam
503 1637 583 1692 illam
592 1638 828 1693 consuetudinem
837 1579 1080 1708 quorumdamio-
1133 1639 1162 1691 et
1174 1636 1231 1691 alia
1245 1654 1314 1692 vasa
1326 1653 1417 1701 sacra,
1427 1636 1558 1708 quedam
1581 1635 1704 1706 psallere
1724 1642 1873 1707 coeperunt,
1885 1635 1937 1708 qui·

253 1729 351 1770 corum
366 1710 396 1767 in
412 1708 513 1783 quibus
538 1708 651 1764 diaconi
675 1709 846 1781 presbyteris
869 1706 1078 1764 Eucharistiam
1095 1707 1184 1772 Bhus
1198 1706 1340 1779 repositis,
1366 1707 1432 1764 caui
1447 1711 1556 1778 coeptus
1580 1711 1623 1763 est
1637 1706 1755 1762 ultimus
1778 1723 1876 1773 rusus,
1898 1714 1936 1760 ist

253 1784 447 1857 porribegant‚
459 1796 524 1836 cum
538 1780 694 1835 absurdum
709 1779 747 1835 sit
769 1783 800 1835 ut
820 1778 850 1834 hi
862 1779 910 1851 qni
933 1795 991 1835 uon
1011 1777 1079 1833 otle-
1131 1787 1282 1832 κοινωνικοῦ
1307 1778 1409 1836 deiude
1432 1780 1583 1853 τροπάριον,
1603 1794 1653 1835 seu
1675 1776 1834 1845 versiculus,
1849 1777 1937 1853 alapa

251 1854 368 1912 ruptiis
380 1850 1077 1979 quiefferuutblucharistiamporrigant.lncou·
1133 1852 1203 1910 aare
1217 1854 1246 1903 τὸ
1263 1856 1349 1924 στόμα
1363 1852 1435 1923 ἡμῶν
1451 1850 1579 1917 αἰνέσεως,
1604 1850 1689 1923 sipia,
1717 1854 1770 1905 etc.
1798 1866 1804 1907 :
1830 1850 1857 1905 id
1882 1853 1935 1907 est:
2001 1835 2002 1883 1

252 1927 298 1984 cil.
316 1930 383 1985 Cart
408 1968 414 1979 .
429 1942 467 1979 ir.
481 1939 547 1979 can.
565 1922 612 1987 38,
629 1922 795 1994 prohibetur
810 1922 930 1979 diacono
945 1918 1079 1978 Euchari·
1131 1921 1289 1994 Implentur
1302 1938 1334 1978 os
1349 1929 1477 1978 nostrum
1491 1921 1587 1985 laude,
1600 1920 1733 1989 Domine,
1746 1924 1777 1977 ut
1798 1919 1938 1993 psallamus
2001 1940 2002 1985 i

251 2000 339 2056 stiam
351 1996 455 2079 populo
466 2010 583 2068 erogare
598 1999 736 2065 presente
762 1995 938 2068 presbytera,
962 1992 1017 2048 nisi
1033 2008 1079 2049 ne·
1131 1993 1253 2067 gloriam
1268 1992 1864 2065 tuam‚quiadignatusesuossauctorum
1886 2006 1938 2061 inp·
2001 2004 2002 2015 ¹

251 2071 385 2129 cessitate
399 2068 430 2123 id
444 2067 539 2123 tacere
548 2065 698 2133 jubeatur.
1131 2064 1285 2121 steriorum
1296 2064 1448 2147 participes
1462 2064 1534 2120 lieri.
1545 2066 1633 2120 Serva
1645 2079 1699 2119 uos
1711 2061 1741 2119 iu
1755 2060 1940 2120 sanctificatio·

286 2143 350 2198 aaa.
362 2141 438 2196 Sicco
451 2137 594 2208 sacrificia.
610 2136 641 2192 ld
654 2141 707 2203 est,
723 2151 841 2209 corpore
866 2134 970 2193 Christi
999 2150 1078 2207 sepa·
1132 2152 1169 2192 ne
1193 2141 1256 2192 tota
1276 2137 1321 2191 die
1334 2137 1508 2193 meditantes
1529 2134 1677 2207 justitiam
1701 2138 1791 2190 tuam.
1820 2133 1937 2197 Alleluia,
2001 2180 2002 2187 ,

251 2212 339 2270 ratim
358 2207 530 2282 asanguiae
548 2209 629 2262 dato.
1132 2207 1217 2279 idque
1230 2206 1393 2281 olympiade
1406 2208 1468 2271 351,
1498 2222 1596 2263 meuse
1625 2204 1713 2271 Maio,
1733 2205 1881 2261 indictione
1901 2203 1938 2269 tl,

286 2286 350 2342 993.
366 2283 449 2337 ltista
460 2292 549 2334 tamea
564 2278 708 2403 sacrisssi'o.
726 2277 757 2333 ld
772 2280 827 2343 est,
843 2294 961 2350 corpore
974 2275 1079 2332 Christi
1133 2284 1249 2335 auctore
1261 2279 1360 2352 Sergio
1376 2277 1537 2351 patriarcha
1558 2276 1697 2335 Constino
1718 2276 1836 2346 olitano,
1862 2279 1891 2333 ut
1904 2290 1940 2330 re
2001 2288 2002 2333 i

252 2348 617 2434 sanguiuiejusimmisto.
657 2348 747 2405 tanim
781 2350 906 2432 nondam
929 2349 1027 2404 multis
1049 2347 1079 2403 in
1134 2350 1363 2406 tertCrhouieon
1394 2347 1629 2405 Alexandrinum.
1652 2294 1716 2405 sii
1732 2348 1938 2419 hocuonappa·
2001 2360 2002 2369 ¹

251 2427 321 2482 locis
340 2421 763 2492 mosinoleseratntcorpusC
800 2425 890 2476 istiin
919 2436 1079 2476 sacrosan·
1132 2420 1365 2478 retiuhodiernis
1377 2420 1652 2504 liturgiis‚uisiquod
1665 2418 1825 2492 troparium
1837 2418 1941 2487 impleo·
2001 2436 2002 2453 ν

291 2496 469 2553 inetincturii
485 2493 610 2561 daretur,
646 2488 1079 2564 uodpatetcxmultisdecretis
1132 2501 1180 2549 tar
1195 2492 1223 2548 in
1239 2491 1355 2564 liturgia
1369 2499 1460 2548 sancti
1476 2490 1595 2547 loannis
1621 2490 1818 2563 chrysostomi
1831 2489 1939 2557 canitur,
2001 2537 2002 2561 ,

273 2567 370 2626 isersis
383 2564 560 2637 temporibus
576 2564 613 2618 ad
659 2578 714 2618 unc
736 2579 848 2619 morem
867 2563 1077 2634 antiquandum
1131 2581 1196 2621 cum
1213 2564 1488 2621 deierantursaucta
1501 2562 1778 2645 inpropositionem.
2001 2570 2002 2581 ¹

250 2639 344 2706 iactis,
357 2638 512 2709 luliipapae
527 2634 577 2701 l,a
600 2635 635 2690 nd
648 2639 761 2690 tranem
776 2635 1075 2705 Curuotenserapurt.
1166 2636 1229 2691 995.
1246 2637 1283 2691 lte
1294 2635 1380 2690 Missa
1389 2642 1437 2690 est.
1455 2636 1485 2691 ln
1497 2632 1793 2706 liturgiisGirecornm
1806 2635 1870 2689 sunt
1885 2628 1941 2686 alie
2001 2634 2002 2658 ¹

250 2728 271 2769 ιι
287 2710 404 2776 decreti,
422 2726 483 2834 cuj).
499 2707 534 2790 bb
550 2723 557 2761 ε
572 2652 653 2789 fitia
663 2705 795 2831 qiioddprc
807 2706 994 2788 complemento
1008 2720 1078 2759 cam·
1131 2705 1273 2771 formate,
1285 2705 1329 2763 Ite
1351 2706 1382 2761 iu
1394 2722 1469 2777 paca,
1491 2707 1715 2762 Procedomusia
1727 2722 1801 2777 pace,
1829 2703 1862 2757 lii
1884 2716 1941 2773 paca

252 2782 447 2853 muamaispui
465 2784 669 2834 amiatsuctum
686 2781 730 2832 tra
751 2778 1076 2847 uatEuabaristiampa·
1132 2778 1239 2834 Christi
1250 2794 1350 2844 erimus,
1365 2794 1427 2848 quac
1443 2777 1666 2849 pronuntiantur
1684 2773 1938 2834 etiamaliiacono.
2001 2788 2002 2793 ¹

248 2855 401 2929 paliarina
416 2849 609 2923 hospi-alatum
623 2865 657 2902 ea
666 2847 1010 2919 Emupeliotestiniaaiuia
1034 2863 1077 2901 re·
1165 2848 1228 2903 996.
1238 2849 1345 2904 Placeat
1364 2848 1423 2914 tibi,
1433 2856 1527 2904 sauata
1554 2850 1571 2904 l
1577 2849 1693 2911 rioilus,
1710 2853 1764 2904 etc.
1783 2847 1845 2902 llaec
1855 2844 1941 2900 Oratio
2001 2856 2002 2903 ὲ

250 2920 592 2999 paermut‚ubiupaitotis
618 2935 714 2989 corpus
740 2926 764 2974 et
801 2921 960 2991 sanquinem
997 2934 1076 2973 raam
1129 2925 1223 2974 exstat
1236 2918 1323 2975 etiam
1340 2919 1369 2975 iu
1382 2921 1467 2976 ldissa
1478 2918 1590 2975 Codicis
1601 2936 1655 2976 ius.
1676 2918 1792 2983 Tiliani,
1818 2923 1846 2973 et
1868 2914 1941 2970 atissa

249 2998 384 3055 Dominus
393 2990 600 3050 commendabit.
618 2988 743 3045 Seorsum
762 2990 833 3044 anim
867 2991 964 3045 ‹raiset
980 2988 1075 3044 calicis
1128 2990 1241 3063 lllyrici,
1252 3007 1314 3061 quae
1327 2991 1355 3046 iu
1372 2991 1469 3063 paucis
1481 2991 1604 3047 uariant.
2001 3054 2002 3057 Ἴ

250 3065 699 3143 nominandatiocomiaemorntur.
719 3008 1029 3143 Conciliissracarensis
1044 3068 1112 3131 iiic
1163 3063 1226 3118 997.
1241 3062 1342 3135 Incipit
1360 3062 1424 3118 ardo
1443 3063 1588 3134 pontificis.
1609 3064 1663 3118 ele.
1690 3061 1772 3118 Hauc
1800 3056 1942 3116 secundum
2001 3062 2002 3087 ³

251 3139 340 3196 canl
362 3134 489 3193 idetiain
512 3132 689 3205 prohibetur,
723 3148 800 3203 qnia,
828 3136 860 3188 ut
885 3132 921 3187 ihr
948 3135 1073 3197 notatur,
1128 3127 1937 3207 MissamseupotiusordineiuMissaeadjecimusexCod.
2001 3134 2002 3169 t

251 3203 859 3276 Christnsseorsumcorpusetsanguincm
881 3219 965 3259 suurn
996 3203 1075 3258 dedit
1128 3201 1882 3276 ms.Tilianototiesanobissupracitato.Quamvis
1901 3215 1943 3254 su·
2001 3208 2002 3211 ’

251 3281 388 3355 apostolis
403 3286 453 3345 ,·et
466 3275 578 3333 concilii
589 3274 804 3330 Claromontani
815 3277 852 3329 ab
864 3275 980 3332 Urbano
995 3274 1015 3329 ll
1028 3289 1073 3329 cc·
1128 3278 1222 3347 perior
1234 3277 1318 3332 Missa
1332 3293 1365 3332 ex
1380 3276 1482 3332 Codice
1491 3275 1605 3333 liutoldi
1617 3275 1732 3333 abbatis
1756 3276 1890 3348 producta
1907 3268 1942 3324 ri·

250 3352 364 3418 lebrati,
379 3351 452 3422 apud
466 3346 632 3404 Ordericum
648 3344 782 3411 vitalem,
798 3346 845 3400 lib.
863 3363 892 3401 ix
905 3346 974 3401 llist.
992 3346 1073 3412 eccl,
1127 3348 1229 3403 dentur
1244 3347 1399 3418 antiquior,
1410 3348 1477 3420 quia
1492 3353 1590 3404 tamen
1603 3347 1697 3403 multa
1711 3353 1779 3404 sunt
1790 3346 1820 3403 iu
1831 3360 1865 3401 aa
1887 3356 1943 3397 nie·
2001 3342 2002 3351 ’

251 3427 287 3482 ad
303 3439 412 3479 aunum
429 3420 507 3485 itud,
523 3435 588 3474 cum
615 3417 750 3498 statuitur
775 3421 805 3472 ut
828 3432 931 3488 corpus
951 3416 1073 3473 damini·
1127 3418 1281 3475 morabilis
1296 3424 1324 3475 et
1339 3418 1408 3475 scitu
1423 3413 1943 3491 digna,piaculumexistimarisieam

251 3487 1072 3565 cumetsanguissingutatimsumatur,inhuncmodurn:
1126 3489 1387 3561 praetermitterem,
1401 3489 1526 3546 maxime
1547 3506 1613 3546 cum
1636 3490 1677 3546 sit
1696 3505 1783 3563 quam
1808 3485 1943 3543 simillima

251 3569 355 3640 Carpus
375 3564 536 3621 dominicum
560 3568 585 3616 et
602 3559 715 3629 sanquis
742 3559 890 3615 danamassi
913 3560 1074 3632 singulatim
1127 3560 1237 3617 ‘ltlissa
1252 3561 1311 3616 euti
1335 3578 1376 3618 ue
1392 3578 1407 3617 a
1423 3560 1544 3617 Matthia
1558 3561 1670 3633 lllyrico
1693 3578 1762 3619 vero
1788 3558 1944 3617 Luthrrane

248 3641 415 3709 accipiatur.
438 3636 472 3691 111
485 3633 531 3689 hic
543 3647 646 3696 canon,
658 3633 742 3701 prout
765 3630 805 3712 sic
828 3633 864 3687 ab
881 3631 1015 3687 Orderico
1029 3648 1073 3686 re·
1127 3637 1209 3689 saetae
1222 3649 1254 3687 ex
1270 3579 1441 3688 albininaci
1456 3631 1586 3689 Palatina
1599 3632 1696 3698 editas,
1709 3637 1741 3689 ut
1760 3648 1794 3690 ex
1809 3628 1943 3696 utriusque

242 3711 349 3773 iertur,
365 3709 458 3765 clarus
470 3708 523 3771 est,
549 3719 601 3759 nec
622 3701 710 3757 ullam
730 3706 838 3772 patitur
862 3700 1072 3758 dittlcultatem.
1127 3702 1280 3759 collatione
1294 3721 1381 3775 quam
1399 3704 1428 3760 in
1442 3704 1751 3760 hisohserrationibus
1771 3698 1943 3774 subjiciemus

248 3782 307 3839 Sed
320 3780 433 3837 lacessit
449 3774 595 3847 negotium
610 3778 696 3844 prout
719 3772 841 3829 retertur
863 3788 880 3829 a
905 3772 1073 3829 doctissimo
1126 3773 1236 3830 clarum
1252 3773 1315 3840 erit,
1331 3775 1355 3829 si
1371 3775 1448 3847 prius
1483 3775 1633 3830 nibusdam
1656 3775 1781 3850 objectis
1796 3774 1830 3829 ab
1846 3767 1944 3827 lllrrico

249 3852 385 3917 Raronio,
405 3850 434 3906 in
449 3848 522 3904 licet.
535 3844 654 3926 rinnai,
671 3848 742 3899 toni.
759 3845 793 3915 ll,
819 3860 852 3899 eri
876 3844 987 3899 schedis
1014 3846 1072 3899 ltn-
1126 3844 1405 3917 iusuapraetationa
1417 3792 1643 3918 quihusblissam
1655 3848 1822 3904 Romanam
1833 3828 1944 3905 vellicat,

248 3924 321 3980 touii
335 3919 484 3994 Augustini
499 3932 621 3989 episcopi
635 3914 868 3981 Tarraconensis,
888 3915 942 3970 hoc
961 3915 1070 3971 mado:
1125 3932 1171 3972 res
1191 3916 1367 3973 auderimus.

248 3995 290 4053 Ne
304 3996 363 4068 quis
377 3990 551 4050 mmmuaieet
563 3989 594 4043 de
614 3987 711 4055 attari,
726 3987 784 4041 nisi
797 4001 893 4057 corpus
912 3987 1070 4058 separatim,
1185 3987 1311 4044 rinioille
1334 4004 1392 4044 suae
1414 3987 1504 4045 llissn
1523 3988 1732 4072 antiquitatem
1762 3988 1799 4043 ad
1826 3990 1948 4056 tempora

248 4074 274 4123 et
287 4066 445 4139 sanguinem
455 4061 586 4118 similiter
608 4065 709 4123 sumat,
735 4057 793 4112 uisi
817 4074 867 4128 per
888 4064 1072 4115 necessitatem
1124 4060 1216 4114 sancti
1234 4058 1360 4132 Gregorii
1385 4061 1535 4125 lresocat,
1552 4059 1678 4143 dicitque
1694 4060 1774 4117 itlius
1800 4061 1891 4119 ωιοὶο,
1905 4050 1945 4107 vel

248 4147 274 4195 et
287 4138 433 4194 cautelam.
448 4136 516 4201 Quae
531 4130 645 4202 quidem
662 4132 808 4200 postrema
829 4128 925 4195 rerba,
948 4129 1007 4184 nisi
1024 4145 1072 4211 per
1124 4129 1234 4202 aliquot
1247 4137 1311 4203 post
1324 4130 1407 4187 aunis
1420 4130 1448 4186 in
1463 4131 1587 4188 Ecclesia
1601 4131 1691 4188 tuisse
1709 4131 1860 4187 usitatam.
1873 4122 1947 4192 Quod

248 4210 465 4266 arausicana
476 4201 623 4265 cautelam,
637 4215 693 4255 non
718 4203 831 4254 exstant
854 4201 929 4270 apud
959 4200 1071 4257 Orderi·
1123 4201 1194 4257 mihi
1210 4217 1279 4258 sane
1294 4204 1465 4274 persuadere
1480 4218 1537 4258 non
1556 4218 1685 4275 possum,
1707 4208 1771 4259 tuni
1786 4203 1853 4275 quia
1866 4197 1948 4253 multa

248 4297 312 4336 cum
324 4278 537 4346 vitalemque
556 4269 955 4354 tumennihilaliudsanant
982 4288 1070 4342 qnam
1123 4273 1366 4346 suethiaeque
1382 4273 1464 4346 longe
1479 4281 1687 4346 postsanctum
1717 4273 1885 4346 Gregorium
1909 4266 1948 4321 in·

246 4352 323 4423 qnod
338 4349 445 4421 species
457 4347 618 4401 commistae
631 4340 716 4397 simul
732 4342 793 4396 dari
810 4346 930 4412 possint,
944 4341 967 4396 si
983 4342 1070 4397 inter·
1123 4344 1223 4399 stituta
1234 4350 1310 4400 sunt.
1347 4362 1390 4400 uie
1412 4361 1469 4399 non
1483 4348 1597 4401 exstant
1616 4347 1646 4401 in
1663 4346 1754 4401 Missa
1767 4339 1904 4416 superiori
1918 4352 1949 4393 ex

245 4422 344 4477 veniat
358 4420 455 4492 aliqua
466 4414 619 4473 necessitas
634 4417 684 4495 eut
695 4412 807 4493 cautela
824 4429 831 4477 3
846 4412 938 4483 qualis
948 4418 991 4468 est
1004 4430 1068 4469 cum
1086 4428 1109 4488 1)
1124 4415 1224 4471 Codice
1239 4363 1362 4480 lietoldi,
1378 4433 1440 4488 quae
1450 4416 1556 4488 scripta
1573 4420 1616 4473 est
1630 4416 1745 4489 aliquot
1769 4431 1862 4471 annos
1887 4414 1947 4490 ante

246 4494 367 4566 populus
382 4492 410 4547 in
431 4489 516 4545 llisse
528 4486 648 4541 solemni
663 4487 864 4567 commumoni,
876 4499 911 4539 ne
924 4500 981 4555 pras
998 4485 1070 4540 mul·
1121 4502 1230 4541 aunum
1245 4487 1308 4551 9811,
1324 4504 1386 4559 quae
1401 4493 1497 4544 tamen
1511 4488 1635 4559 reperire
1648 4488 1733 4544 estin
1750 4487 1838 4543 blissa
1853 4481 1946 4541 Titiani

245 4564 367 4621 titudine
385 4559 500 4632 sanguis
527 4554 1068 4637 effundamuutsidereestinantiquo
1121 4557 1241 4622 Codicis,
1263 4558 1310 4629 qui
1344 4558 1441 4613 multis
1472 4559 1556 4615 arinis
1580 4563 1645 4631 post
1672 4558 1814 4617 Codicem
1841 4551 1947 4613 liutoldi

173 4670 175 4677 ·
244 4633 302 4692 ritu
315 4636 404 4692 uisse
419 4626 725 4688 celebrandaeloannis
740 4627 950 4681 abrincatensis
963 4626 1067 4698 episco-
1121 4627 1243 4700 scriptus
1258 4633 1308 4693 est,
1323 4634 1462 4701 regnante
1476 4629 1603 4687 uidelicet
1622 4630 1748 4686 llcnrico
1757 4629 1853 4703 primo
1865 4626 1946 4683 Fran·

244 4707 291 4780 pi:
306 4706 427 4777 Excepto
439 4701 550 4775 populo,
565 4714 640 4780 quani
655 4699 773 4779 intincto
784 4713 864 4780 pauc,
881 4699 1068 4780 aaaauctatrs'·
1120 4715 1220 4782 carum
1236 4716 1311 4772 rege,
1327 4701 1458 4826 quamvis
1473 4718 1530 4757 non
1554 4701 1665 4758 inticias
1678 4702 1767 4759 ierim
1785 4701 1877 4757 multa
1890 4708 1946 4754 esse

244 4784 308 4852 tate,
330 4776 375 4833 sed
391 4789 495 4830 summo
522 4775 675 4826 necessitate
697 4774 953 4840 timorissaagaiuia
965 4768 1069 4826 Christi
1101 4771 1244 4828 ‘inblissa
1257 4773 1295 4828 ab
1308 4772 1328 4828 ll
1339 4775 1418 4845 ysico
1436 4772 1514 4829 edita
1525 4789 1588 4844 quar
1614 4773 1772 4831 redoleant
1798 4767 1947 4842 antiquita·

243 4849 393 4921 effusoris,
400 4839 791 4924 permittituraonimuaiaore.
811 4838 909 4922 Qualis
924 4843 967 4898 est
978 4840 1065 4904 etiam
1120 4845 1189 4898 tem.
1207 4844 1348 4910 Secundo,
1360 4850 1391 4900 ut
1401 4843 1534 4927 preferat
1543 4843 1728 4901 Missemase
1737 4844 1848 4902 editam
1858 4840 1945 4898 blisse

242 4922 272 4977 iu
283 4920 323 4977 eis
335 4917 451 4990 aegrotis
465 4930 537 4986 quos
555 4927 628 4970 sires
641 4928 760 4967 omnino
780 4910 926 4980 deliciunt,
944 4911 992 4983 qui
1007 4928 1066 4969 car·
1119 4912 1270 4980 Romane,
1284 4914 1353 4972 dicit
1370 4914 1439 4971 olim
1453 4915 1568 4972 unicam
1584 4914 1671 4973 luisse
1682 4915 1869 4973 celebrande
1887 4910 1946 4967 llis·

241 5009 295 5065 pus
310 4987 423 5048 Domini
447 4987 493 5043 rix
517 5001 575 5058 prre
588 4982 782 5040 imbecillitate
801 4998 915 5040 sumere
933 4987 1063 5110 Γοοιίιιιῑ,
1119 4985 1328 5112 iterationem,
1341 4988 1585 5070 quemadmodum
1601 4986 1680 5059 apud
1688 4988 1817 5070 Graecos,
1833 4988 1946 5041 etsuaiu

164 5180 169 5188 ,
240 5133 384 5209 ejusmodi
401 5129 602 5210 languentibus
619 5124 842 5209 J'uxtalconc‘ilii¹
856 5071 983 5210 mentgm'
1004 5072 1065 5184 eloth?
1118 5072 1309 5187 loliriissfuishlilel
1331 5063 1593 5186 (11ζέῑέξέἒὲἓὲὖὲ
1608 5061 1947 5196 ἓῗῗὲεῗίῗεέἑιὲωῆιῖἒξ

238 5223 293 5279 pus
309 5204 423 5261 Domini
434 5203 464 5258 iu
479 5214 619 5275 sanguine
635 5199 780 5279 dominico
792 5200 946 5254 intinctum
967 5214 996 5253 iii
1017 5215 1064 5256 ca·
1117 5200 1267 5256 sententias
1283 5200 1438 5257 falsitatem
1453 5218 1487 5257 ex
1502 5200 1562 5273 ipsa
1582 5201 1667 5257 llisss
1692 5202 1726 5257 111
1766 5200 1862 5257 'claua
1884 5209 1946 5251 con·

238 5277 346 5335 chleari
362 5275 423 5331 dari
439 5278 544 5346 posset,
560 5274 592 5327 ut
608 5268 690 5324 tacite
711 5268 783 5323 illud
800 5269 914 5325 sorbere
937 5273 1061 5341 possent,
1116 5269 1228 5327 uincere
1242 5272 1318 5337 licet,
1332 5272 1360 5327 iii
1377 5290 1432 5344 qua
1455 5271 1601 5338 introitus,
1624 5274 1644 5329 li
1665 5273 1724 5328 isto
1738 5291 1767 5339 a,
1795 5266 1945 5335 Gradnsle,

237 5354 270 5407 ut
280 5350 375 5406 videre
390 5352 433 5405 est
447 5345 475 5401 in
493 5342 655 5427 uisitatione
669 5339 849 5423 intirmorum
865 5338 976 5423 Codicis
999 5358 1057 5423 ms.
1147 5342 1412 5415 71llvangelium.
1426 5343 1621 5408 Offcrtoiium,
1643 5291 1777 5411 geereta,
1805 5338 1945 5402 Pretsuo,

236 5418 406 5479 monasterii
420 5420 511 5475 sancti
539 5415 621 5469 Rem.
638 5411 753 5466 Rhamis
773 5409 887 5466 fundati
902 5428 909 5479 3
925 5427 993 5467 nam
1022 5410 1061 5468 ibi
1116 5414 1298 5479 toinmunio,
1311 5420 1339 5470 et
1350 5415 1593 5480 postcommunio,
1611 5430 1668 5471 non
1682 5415 1947 5487 speciatlmetpar·

238 5492 327 5566 570
346 5508 412 5548 cum
432 5492 496 5561 post
513 5482 677 5540 unctionem
695 5481 891 5537 communicat
916 5481 1058 5549 infirmus,
1114 5483 1268 5549 thalulim,
1292 5488 1341 5542 sed
1365 5490 1478 5542 tantum
1499 5487 1659 5560 generatim
1673 5486 1873 5542 nominantur
1888 5482 1947 5538 siue

235 5582 321 5636 quein
345 5563 388 5619 sis
399 5557 491 5617 morbi
506 5572 564 5612 uon
579 5554 615 5611 ad
634 5556 748 5609 tantam
764 5552 867 5608 virium
880 5552 1060 5609 imbecillita·
1114 5555 1173 5611 nlla
1187 5556 1397 5628 specificatione
1409 5561 1458 5615 aut
1470 5558 1664 5641 assignatione
1676 5557 1807 5641 alicujus
1828 5553 1948 5629 perticu-

234 5639 294 5693 tem
307 5630 434 5700 adduxit,
450 5627 553 5686 dieitur
576 5631 697 5699 utraque
715 5624 843 5681 formula
857 5645 865 5683 i
879 5625 983 5698 Carpus
1003 5625 1058 5681 Do·
1113 5626 1181 5683 laris
1196 5645 1246 5686 seu
1266 5629 1411 5700 latroitns,
1424 5646 1475 5687 seu
1488 5627 1632 5703 Epistola,
1647 5631 1680 5689 et
1693 5629 1853 5696 similium,
1873 5621 1947 5700 quod

267 5758 336 5816 alle
349 5757 402 5817 tiso
417 5750 627 5815 Misacouiula
636 5749 824 5809 doctissimum
839 5747 1036 5831 llabiltontum,
1050 5748 1104 5816 lib.
1119 5751 1251 5833 ithurg.
1263 5751 1374 5825 Gabia,
1392 5769 1453 5830 cap,
1469 5754 1498 5814 3.
