4136 6180
207 214 264 273 aaa
333 162 337 169 ’
509 188 729 270 <urrannei
749 209 798 271 io
817 208 847 271 s.
870 202 1044 269 careonis
1066 200 1183 265 niem
1204 200 1398 266 irrorares
1418 202 1550 266 orani.
1650 226 1659 241 .,
1853 209 1910 272 sos

206 339 363 396 cretionem
373 343 405 394 ut
414 340 669 410 dogmareoeptam
681 339 821 408 fuissene
830 338 1028 396 affirmantem
1046 338 1071 397 Α
1087 338 1166 390 retur
1179 331 1194 387 i
1205 335 1309 390 Vemm
1320 333 1373 391 etsi
1389 334 1491 391 intima
1505 333 1587 390 lieret
1600 333 1659 390 sini
1677 335 1778 392 debilis
1793 354 1811 393 a
1825 355 1913 411 gene·

206 416 316 482 partem
327 410 362 464 ab
378 408 502 466 Ecclesia
511 412 641 469 llomaoa
651 427 833 484 nequaquam
845 410 933 467 fuisse
942 408 1029 464 tradi·
1084 405 1186 460 rosiori
1197 405 1358 476 penetratio
1371 404 1573 475 etinsinuatio,
1584 422 1643 461 nou
1653 413 1729 463 esset
1736 411 1835 465 tamen
1846 426 1913 467 iera

206 488 266 537 tam
277 483 327 536 ant
339 486 562 554 propugnatum,
577 498 668 553 neque
682 482 711 538 in
727 482 831 539 libellis
844 480 966 539 Romani
979 481 1029 533 Or·
1085 476 1253 533 substautias
1269 477 1426 533 conversio.
1442 477 1526 532 Aliud
1552 477 1657 549 quippe
1671 484 1714 533 est
1726 478 1829 536 intime
1850 498 1911 554 per·

204 552 278 608 dinis
293 557 371 608 certo
386 557 526 609 assertam
541 571 550 625 3
564 552 624 608 imo
650 556 737 610 rerba
751 554 818 620 haec,
839 553 1030 624 sanctificatas·
1085 547 1208 615 misceri,
1222 547 1300 603 aliud
1315 548 1506 605 substantiam
1521 549 1721 607 transmutari.
1746 550 1794 606 Sic
1808 568 1911 610 omnes

203 624 278 679 enim
295 623 392 680 vinnm
407 640 464 680 non
479 631 676 689 menecratem,
703 630 768 691 etc,
786 641 850 697 quai
866 622 1028 680 auctoribus
1082 619 1143 676 fere
1159 618 1291 676 catholici
1306 625 1436 677 auctores
1450 619 1617 675 existimant
1630 621 1843 693 [xcii],etiamsi
1862 641 1912 696 pa·

203 694 376 750 affirmantis
391 695 534 766 opinionis
556 695 777 753 fundamentum
804 697 1029 768 prebuerunta
1083 707 1147 747 runi
1163 707 1246 763 aquia
1265 690 1293 745 in
1310 691 1429 747 calicem
1456 690 1635 756 infundatur,
1662 696 1748 764 atque
1776 710 1910 766 saporem

203 766 330 837 quodam
342 766 501 837 glossatore
509 766 604 823 sideri
618 768 725 823 inserta
740 785 747 834 ;
763 769 793 823 3ο
806 784 862 823 non
883 765 1028 822 immerito
1083 761 1211 835 aliasque
1222 761 1376 833 qualitates
1390 779 1466 834 aqua
1492 761 1618 831 amittat,
1641 778 1792 821 remanere
1811 771 1912 823 tamen

204 838 352 894 belethum
366 837 459 894 dicere
478 837 672 895 affirmantem
688 840 767 894 illam
789 840 962 895 sententiam
976 854 1029 908 pu·
1083 850 1165 905 aquae
1178 832 1380 899 substantiam,
1396 850 1449 890 uec
1463 850 1527 889 eain
1540 849 1607 889 curn
1617 833 1722 890 rinoin
1732 835 1836 894 Christi
1845 855 1912 895 san·

203 926 291 981 goare
306 913 407 965 cantra
417 925 452 966 ea
469 925 532 980 qna
545 911 638 966 sancti
650 911 749 966 Patres
759 911 949 976 tradiderant,
960 924 1029 981 qno·
1082 905 1197 977 guinem
1211 905 1395 961 commutari.
1412 906 1494 971 Quod
1505 903 1594 962 etiarn
1609 906 1645 961 de
1657 907 1909 981 parravioiquan·

204 998 268 1036 runi
283 981 343 1035 liaec
361 996 480 1036 concors
502 985 530 1035 et
543 980 688 1037 unanimis
703 982 847 1038 sententia
862 986 915 1045 est,
929 996 1027 1037 reram
1082 976 1164 1032 titate
1177 975 1207 1031 in
1226 976 1368 1048 majorem
1384 976 1480 1032 infusa
1506 977 1658 1033 dicendum
1671 981 1722 1047 est,
1748 980 1864 1036 etiamsi
1876 997 1910 1037 ar

203 1054 348 1123 utriusque
384 1050 487 1123 speciei
512 1051 757 1109 consecrationem
794 1052 910 1108 nonnisi
935 1051 1027 1107 verbis
1081 1053 1165 1119 gustu
1179 1046 1436 1119 aliisqaesensibus
1451 1047 1531 1104 nulla
1546 1048 1635 1119 possit
1649 1048 1710 1104 fleri
1721 1051 1806 1106 unius
1817 1054 1853 1107 ab
1868 1053 1908 1108 al·

203 1123 306 1179 Christi
318 1122 432 1178 Domini
448 1124 625 1180 asacerdote
638 1124 756 1195 prolatis
770 1124 866 1195 perlici
877 1140 959 1196 posse
975 1138 1027 1178 :ac
1082 1125 1144 1175 tero
1159 1118 1302 1174 discretio.

203 1194 320 1249 tandem
326 1194 423 1266 jacere
435 1194 601 1266 Hieronymi
613 1195 959 1266 argumentumadversus
967 1194 1027 1249 dia·
1117 1192 1233 1257 Quaerat
1251 1188 1354 1261 aliquis
1368 1206 1419 1245 cnr
1433 1205 1490 1247 nori
1517 1207 1550 1245 ex
1586 1206 1637 1247 uro
1661 1192 1800 1264 sauguine
1812 1194 1910 1250 calicis

202 1281 300 1332 conos,
314 1264 362 1336 qui
378 1281 408 1320 se
422 1265 582 1321 efferebant
594 1283 682 1338 supra
707 1267 894 1338 presbyteros,
919 1266 955 1320 od
965 1283 1027 1348 qno-
1081 1262 1248 1317 communio
1262 1261 1366 1344 populo
1382 1260 1556 1342 tribueretur
1566 1207 1651 1318 iNon
1663 1279 1731 1330 una,
1747 1266 1799 1321 sed
1813 1266 1910 1336 plures

200 1336 762 1419 snmpreccsdlirs'sticorpnssenqnirqnc
784 1338 939 1408 cenitense,
955 1353 978 1392 si
993 1352 1027 1392 ex
1081 1334 1167 1406 hujus
1200 1331 1270 1415 lacti
1293 1339 1428 1415 rationes.
1449 1334 1552 1416 fimf
1591 1338 1636 1389 est
1661 1340 1692 1389 ut
1717 1337 1911 1417 praerogativa

201 1410 334 1463 contactu
356 1407 415 1479 (qui
431 1406 560 1463 diaconis
584 1408 683 1478 etiam,
708 1425 766 1464 mio
794 1413 823 1464 et
845 1409 925 1464 laicis
940 1407 1027 1464 tribui
1081 1406 1224 1461 sacerdoti
1238 1408 1402 1475 catenaque
1416 1408 1555 1459 ministris
1569 1406 1666 1466 sacris.
1679 1408 1909 1480 quibossauguis

202 1483 323 1550 poterat,
337 1482 367 1533 et
379 1494 409 1534 re
425 1494 492 1534 rere
505 1478 685 1535 tribuebatur
711 1480 739 1534 in
759 1481 962 1536 communione
979 1481 1026 1535 do·
1081 1494 1169 1549 purus
1183 1475 1401 1540 concedebatur,
1409 1475 1736 1546 prelaicistribueretur,
1754 1495 1818 1550 qnae
1833 1479 1908 1535 ratio

202 1549 332 1621 mastica)
346 1565 428 1604 verus
442 1549 559 1632 sanguis
578 1550 737 1607 consecrari
764 1555 875 1622 poterat
916 1552 955 1607 Ex
967 1551 1026 1623 qui·
1082 1547 1261 1619 potissimum
1277 1546 1354 1602 valet
1369 1546 1462 1602 ioritu
1475 1546 1604 1603 Ecclesia
1615 1550 1762 1605 Romane.
1775 1551 1909 1606 Secunda

202 1622 254 1676 bus
266 1619 399 1675 omuibus
413 1624 520 1676 corruit
541 1619 781 1677 heterodoxorum
808 1639 840 1677 ar
861 1622 962 1687 utatio,
978 1620 1026 1693 qui
1080 1618 1155 1675 ratio
1163 1621 1216 1683 est,
1226 1618 1302 1689 quod
1313 1617 1430 1673 difficile
1442 1623 1516 1674 esset
1524 1623 1655 1675 accurate
1664 1624 1777 1676 tanturn
1793 1622 1909 1694 sangui·

201 1708 236 1748 ex
248 1690 447 1747 commistione
460 1692 606 1761 particulae
618 1709 684 1749 cum
697 1692 762 1749 rino
773 1639 1026 1750 aquicinctino
1043 1704 1066 1761 Β
1080 1691 1125 1746 nis
1139 1705 1314 1759 consecrare,
1332 1692 1472 1761 quantum
1487 1689 1734 1746 communicandis
1749 1691 1830 1747 laicis
1849 1693 1908 1749 suf·

201 1761 435 1818 communionem
463 1763 513 1817 sub
528 1762 618 1819 altera
644 1763 735 1836 specie
760 1764 885 1836 suppleri
913 1769 1028 1821 conten·
1079 1762 1163 1818 ficere
1176 1765 1298 1833 poterat,
1314 1765 1345 1815 ut
1359 1776 1395 1817 ne
1409 1776 1442 1815 su
1463 1765 1557 1817 eraret
1575 1760 1619 1815 vel
1634 1761 1745 1818 deesset
1758 1763 1908 1835 sanguinis

202 1835 282 1889 dunt.
297 1834 390 1898 Onam
405 1834 658 1905 presumptionem
686 1835 895 1892 illustrissimus
921 1835 1033 1891 litaldo·
1079 1830 1428 1905 copiacommunicaturis.
1444 1776 1629 1888 [indeminor
1640 1833 1907 1907 quantitassangui·

201 1904 590 1978 rumepiscopusscriptosin
612 1905 1026 1979 utarilibelloialidceiplosit‚
1079 1904 1124 1960 uis
1139 1904 1167 1959 in
1183 1903 1354 1975 quibasdam
1381 1902 1511 1959 Ecclesiis
1536 1906 1768 1971 consecrabatur,
1792 1910 1826 1961 ut
1839 1923 1906 1962 cunr

201 1982 229 2034 et
248 1980 313 2048 post
328 1992 394 2032 cuin
411 1976 567 2032 Ludoiicus
604 1977 787 2034 homassinus
800 1979 924 2035 Oratorii
934 1978 1026 2034 erudi·
1079 1976 1199 2032 delicere
1214 1974 1354 2045 caepisset,
1370 1974 1436 2029 rino
1448 1976 1635 2046 superaddito
1649 1977 1746 2048 augeri
1754 1977 1905 2048 potuisset.

201 2053 246 2103 tus
256 2049 403 2120 presbyter
415 2047 444 2103 in
456 2049 580 2104 secundo
596 2053 676 2105 tomo
691 2051 727 2106 de
737 2050 853 2106 Unitate
877 2049 1007 2107 Ecclesia
1079 2046 1174 2103 Tertia
1189 2063 1255 2102 mori
1268 2047 1349 2101 dicta
1362 2045 1468 2101 rationi
1479 2045 1610 2117 proxima
1624 2051 1678 2111 est,
1693 2050 1769 2118 quod
1783 2049 1832 2104 ubi
1844 2064 1908 2104 ina·

253 2153 329 2210 xiv.
351 2153 390 2209 De
403 2154 623 2225 sanctificatione
634 2154 728 2210 coticis
737 2172 770 2211 cc
784 2155 972 2212 commistione
1079 2135 1136 2192 3¹¹⁸
1162 2116 1259 2199 p⁰p¹3¹i
1272 2116 1432 2203 [siquenm
1446 2116 1591 2201 emttm·
1604 2121 1701 2200 tintus
1715 2118 1788 2200 φῶ
1804 2120 1906 2176 haberi

448 2224 598 2295 serenes
617 2226 777 2282 cesset
1080 2187 1907 2335 titttttttttttttt,ttttt'tttttttttttt

237 2331 372 2389 Confecta
387 2329 525 2401 superiori
538 2330 740 2401 controversia,
758 2349 970 2404 supervacanea
986 2332 1026 2390 ri·
1079 2279 1250 2389 guillelmus
1260 2331 1420 2387 [turandus.
1435 2331 1542 2397 Quarta
1555 2330 1677 2404 denique
1701 2332 1776 2389 ratio
1801 2333 1905 2390 adduci

201 2404 285 2457 detur
303 2401 365 2457 liaec
392 2417 479 2472 quam
503 2402 590 2456 modo
613 2403 813 2486 proposuimus
825 2404 967 2476 quaestio:
988 2423 1025 2461 an
1080 2407 1173 2475 potest
1187 2402 1290 2458 saltem
1304 2401 1419 2484 proritu
1433 2404 1611 2469 Romano,ut
1621 2403 1907 2475 pericnloefiusisao·

202 2473 310 2528 scilicet
322 2471 422 2527 vinum
438 2472 746 2539 calicisministerralis,
755 2493 839 2557 quem
851 2477 888 2532 ad
898 2493 1027 2533 commu·
1079 2474 1173 2549 guinis
1187 2473 1292 2529 minori
1306 2474 1493 2531 incommodo
1506 2479 1712 2533 assumeretur.
1734 2476 1809 2532 Nam
1822 2477 1907 2549 longe

203 2541 517 2600 nionemlaicorumiu
538 2544 623 2600 llissa
648 2546 793 2616 pontilicis
834 2547 920 2629 orrigi
940 2553 1026 2604 antea
1080 2546 1175 2602 minus
1189 2545 1405 2601 incommodum
1421 2549 1484 2601 erat
1513 2544 1536 2601 si
1563 2545 1632 2617 quid
1654 2544 1674 2600 li
1696 2547 1773 2603 uoris
1790 2550 1906 2604 arvino

202 2614 425 2696 obserraiimus,
441 2631 474 2670 er
492 2614 589 2671 infusa
603 2618 775 2674 sacrosancti
797 2564 900 2674 cinisii
913 2619 1025 2692 sangui·
1079 2616 1231 2674 commisto
1250 2616 1326 2673 inter
1337 2616 1611 2672 communicandum
1640 2564 1762 2674 stiflarst
1775 2635 1791 2675 e
1805 2620 1905 2686 calice,

202 2702 247 2741 urs
261 2691 469 2757 pertransiere
483 2703 516 2742 ac
539 2686 653 2758 proprie
676 2694 865 2746 consecretur.
883 2692 988 2747 Verum
1001 2691 1024 2747 ai
1079 2689 1202 2761 quamsi
1218 2705 1306 2760 purus
1318 2686 1434 2759 sanguis
1449 2688 1554 2744 edesus
1571 2687 1681 2744 fuisset.

223 2757 266 2815 uis
290 2774 353 2815 rem
377 2757 492 2829 propius
530 2758 701 2825 consideret,
731 2760 861 2816 nonnihil
887 2761 1025 2819 dissimile
1115 2761 1235 2831 Propter
1246 2759 1381 2815 eamdem
1408 2775 1525 2814 causam
1543 2758 1571 2814 iii
1599 2759 1745 2816 nonnullis
1773 2760 1905 2817 Ecclesiis

215 2829 287 2899 xciii]
301 2829 331 2885 iri
342 2828 396 2884 fiac
405 2827 564 2900 quaestione
570 2830 695 2887 residere
709 2831 791 2887 facile
803 2832 1022 2889 animadvertet.
1078 2830 1256 2887 Eucharistia
1268 2830 1391 2885 intincta
1417 2830 1604 2902 orrigebatur,
1617 2831 1655 2886 ad
1667 2831 1818 2887 sitandam
1827 2833 1907 2888 scili·

227 2900 310 2972 uippe
320 2900 404 2972 louge
417 2899 528 2955 facilius
540 2899 652 2956 inlusus
667 2901 760 2973 liquor
785 2902 814 2958 in
828 2903 918 2959 alium
936 2904 1025 2976 liquo·
1078 2906 1123 2959 cet
1134 2846 1470 2972 efflusionispericulum.
1483 2901 1633 2958 Euenicbot
1646 2904 1722 2960 enim
1732 2904 1906 2977 frequenter,

201 2987 263 3027 rein
275 2988 337 3027 sese
349 2970 487 3037 insinuat,
503 2975 532 3029 et
546 2988 647 3028 omnes
662 2973 784 3046 subjecti
796 2972 914 3045 liquoris
930 2980 1025 3047 partes
1079 2972 1244 3045 utloquitur
1258 2971 1396 3031 Ernulfus
1411 2973 1551 3029 ltoffensis
1575 2973 1734 3045 episcopos,
1749 2983 1780 3030 nt
1792 2976 1908 3031 barbati

200 3043 339 3114 pervadit,
351 3058 439 3115 quam
454 3041 536 3112 panis
550 3043 690 3114 particula
712 3044 835 3100 crassior
849 3051 876 3100 et
897 3046 1022 3115 densior,
1042 3045 1234 3128 Cetprolicos
1250 3043 1374 3099 tabentes
1385 3059 1495 3114 pronos,
1507 3043 1536 3099 id
1548 3049 1592 3100 est
1604 3045 1676 3115 pilos
1687 3062 1812 3117 sparsos,
1833 3047 1905 3103 dnm

200 3130 262 3184 quie
274 3130 362 3170 unam
376 3117 488 3170 tautum
502 3121 612 3183 partem
638 3114 700 3187 ejus
726 3115 754 3170 iii
780 3133 868 3187 quam
893 3117 1024 3174 immissa
1077 3115 1202 3188 pocnlnm
1216 3116 1293 3171 inter
1304 3114 1396 3187 spelei
1408 3114 1561 3180 sumebant,
1570 3117 1648 3186 prins
1657 3116 1760 3187 liquore
1771 3119 1844 3189 pitoc
1856 3120 1906 3173 s'n·

200 3186 286 3241 fuerit
300 3184 420 3257 liquoris
434 3183 561 3256 attingit.
1077 3189 1199 3260 picerent,
1220 3203 1304 3260 qnom
1317 3186 1362 3240 ori
1380 3185 1513 3257 iquorem
1527 3186 1718 3256 intenderent.
1732 3187 1907 3244 Pretercosi

233 3258 300 3312 Hac
311 3254 458 3329 sanguinis
470 3259 499 3311 et
511 3254 569 3312 iini
579 3256 727 3327 permistio
736 3257 819 3315 aliter
833 3259 920 3316 fiebat
932 3260 961 3316 in
974 3262 1024 3317 Ec·
1077 3257 1210 3316 imberbes
1226 3265 1250 3314 st
1262 3259 1326 3314 sine
1349 3257 1454 3328 procia
1471 3263 1521 3312 esst
1533 3259 1664 3314 matacrei
1690 3259 1727 3313 od
1739 3259 1904 3316 sumendam

197 3327 283 3382 clesia
297 3327 439 3391 Romana,
455 3331 541 3398 atquc
554 3326 637 3384 aliter
650 3327 678 3384 iii
694 3329 758 3385 aliis
779 3330 924 3387 nonnullis
936 3332 1023 3388 eccle·
1076 3330 1299 3388 communionem
1310 3335 1436 3384 sanctem
1451 3332 1642 3395 eonoeni'rcnt,
1658 3330 1718 3400 quie
1733 3331 1905 3387 amatorem

197 3396 257 3455 siis.
272 3400 345 3453 Nam
362 3397 389 3453 in
412 3397 536 3454 Ecclesia
550 3399 681 3455 Romana
693 3401 809 3484 sanguis
825 3418 840 3458 e
856 3402 943 3460 calice
958 3420 1023 3459 con·
1075 3409 1182 3474 poteret
1196 3409 1253 3457 tem
1267 3399 1380 3473 procide
1388 3400 1563 3465 ministrare,
1576 3405 1631 3455 tem
1645 3402 1906 3457 contcoolicemllo

196 3470 519 3526 secratorefundebatur
528 3469 556 3525 in
564 3469 682 3528 calicem
690 3474 918 3541 ministerialem,
928 3473 1022 3547 inquo
1075 3473 1151 3530 mini
1162 3472 1337 3536 detti-ilem,
1349 3477 1379 3527 nt
1390 3471 1487 3526 meltis
1496 3487 1554 3527 com
1565 3471 1733 3543 sinpiitots‘m
1746 3472 1906 3528 desideret?

196 3539 296 3597 vinnm
310 3547 393 3608 erat3
410 3541 439 3596 in
455 3541 626 3613 quibusdem
648 3559 716 3599 vero
741 3544 881 3611 flcolesiis,
904 3562 969 3601 cum
985 3546 1022 3602 ad
1076 3543 1202 3601 dividens
1215 3544 1297 3600 sicin
1308 3558 1462 3599 orreorum
1472 3541 1612 3612 tenderet,
1625 3543 1818 3613 istinsiindcns
1829 3543 1906 3600 nisit

195 3613 930 3687 communicandumpopulumsangoinisconsecrati
940 3617 1022 3689 copia
1075 3615 1227 3741 effunderet
1238 3616 1254 3669 f
1266 3615 1309 3670 lta
1323 3619 1424 3671 auctor
1438 3612 1485 3669 ille
1499 3612 1729 3684 adprobandum
1742 3614 1904 3679 suisaeculi,

196 3699 254 3741 nori
267 3684 436 3751 sufficiebat,
450 3688 564 3740 tantuin
579 3683 636 3740 viiii
647 3684 676 3740 in
685 3685 804 3741 calicem
816 3687 1022 3744 refundebatur
1075 3685 1084 3741 i
1118 3690 1161 3742 est
1173 3684 1327 3752 undecimi,
1340 3685 1428 3741 ritum
1438 3700 1519 3757 3quoe
1529 3684 1650 3756 epistola
1662 3684 1784 3742 refertur
1795 3686 1824 3740 in
1843 3687 1907 3757 Spi-

195 3772 260 3812 cum
275 3755 536 3829 reliquosanguine
549 3756 805 3822 commiscendum,
827 3763 968 3828 quantum
984 3759 1021 3814 ad
1075 3756 1167 3829 cilegii
1179 3762 1260 3813 tomo
1282 3758 1416 3813 secundo.
1445 3756 1487 3812 Ob
1501 3757 1634 3812 eamdem
1662 3757 1759 3829 itaque
1782 3772 1905 3813 causam

195 3827 425 3899 supplementum
437 3826 649 3882 communionis
657 3827 727 3882 satis
739 3833 810 3883 erat.
826 3829 1022 3901 Priorisgene·
1075 3828 1206 3884 fortassis
1220 3827 1342 3884 Ecclesia
1354 3829 1485 3884 Romana
1499 3826 1623 3884 instituit
1632 3832 1664 3884 ut
1673 3845 1731 3884 non
1742 3844 1905 3900 purossao·

195 3897 234 3954 ris
242 3897 474 3955 commistionem
487 3896 622 3954 exhibent
633 3902 691 3954 tres
701 3898 785 3969 primi
803 3898 890 3955 libelli
906 3900 1021 3958 Ordinis
1075 3900 1137 3972 guis
1152 3915 1167 3956 e
1181 3898 1269 3956 calice
1279 3899 1383 3971 populo
1398 3900 1471 3981 [xci]
1491 3898 1719 3967 distribueretur,
1735 3901 1785 3956 sed
1796 3899 1906 3970 majori

195 3968 319 4025 Romani
334 3969 539 4041 ;posteriorem
563 3968 633 4024 liber
648 3969 768 4025 Ritualis
783 3970 874 4026 sancti
890 3972 1019 4055 Benigni,
1074 3971 1133 4026 riui
1146 3971 1301 4043 quantitati
1314 3974 1488 4042 permistus;
1503 3976 1565 4027 tuin
1580 3975 1609 4026 ut
1625 3987 1658 4026 er
1671 3987 1729 4027 uua
1739 3974 1820 4042 parte
1833 3970 1906 4027 edu·

197 4041 268 4097 Usus
281 4040 492 4107 cistercienses,
516 4041 642 4112 itemque
659 4039 806 4108 Victorini,
835 4046 1020 4100 etConstitu·
1074 4041 1332 4114 siooispericnlum
1348 4042 1699 4106 minueretur,tumuter
1714 4040 1905 4114 alterapopu·

194 4110 286 4169 tiones
299 4113 465 4185 anglicana
480 4129 498 4168 a
512 4110 665 4169 Guillelmo
679 4113 713 4168 de
746 4113 898 4171 Lindwode
911 4114 1018 4183 relatas,
1073 4112 1118 4170 lus
1128 4113 1202 4171 sacri
1214 4111 1520 4170 caliciscommunione
1530 4128 1588 4169 non
1601 4112 1720 4168 omnino
1729 4111 1903 4183 privaretur.

194 4200 316 4310 qnortum
332 4184 461 4309 {amnium
477 4183 643 4240 testimonia
673 4184 821 4240 attulimus
836 4186 866 4241 iii
882 4187 1020 4258 superiori
1180 4221 1245 4277 XV·
1257 4220 1297 4275 De
1309 4218 1454 4276 nonnulli,
1465 4217 1567 4274 ritibus
1576 4218 1686 4275 sabbati
1694 4219 1794 4275 mm·

194 4271 226 4311 ca
249 4271 331 4311 ieoc
346 4272 409 4311 avo.

229 4273 436 4382 l³ersererabat
448 4324 521 4381 alter
534 4324 580 4381 hic
593 4324 665 4381 ritus
687 4325 717 4381 io
731 4325 878 4382 nonnullis
888 4328 1020 4395 Ecclesiis
1109 4329 1152 4384 Ad
1163 4327 1461 4384 Sabbatumsanctum
1470 4325 1613 4397 pertinent
1623 4325 1760 4382 lectiones
1769 4325 1905 4410 exScrip-

194 4397 246 4455 sub
258 4396 346 4452 finem
360 4397 459 4478 ‘saecuti
474 4395 550 4478 tertii
566 4395 680 4461 decimi,
712 4400 836 4453 testante
868 4398 1020 4456 Guilletmo
1037 4397 1312 4489 Dturaduodecim,
1329 4401 1390 4454 tum
1406 4396 1586 4463 (lineatum
1608 4395 1761 4464 Latinam
1775 4397 1905 4455 Ecclesia

194 4467 331 4524 Durando
341 4466 370 4523 io
385 4465 542 4525 Rationalis
553 4482 616 4537 cap.
632 4466 677 4530 ll,
692 4480 771 4522 num.
782 4469 807 4522 l.
817 4469 852 4522 ln
864 4469 1019 4541 qnibnsdenr
1075 4473 1206 4527 Romana
1219 4469 1289 4525 olim
1299 4468 1412 4526 recitari
1421 4468 1512 4524 solitas
1522 4484 1529 4534 ς
1541 4467 1644 4524 deinde
1657 4468 1823 4526 Benedictio
1832 4470 1905 4526 Fon·

195 4539 269 4603 locis,
297 4537 399 4610 inquit,
411 4546 482 4610 post
498 4538 683 4610 scriptionem
703 4540 861 4609 conportari
876 4543 1021 4613 conquisiti
1076 4541 1121 4607 tis,
1138 4545 1165 4598 et
1181 4541 1341 4613 baptismus
1355 4556 1454 4596 eorum
1480 4538 1527 4610 qui
1542 4554 1594 4609 per
1607 4540 1688 4596 varia
1714 4540 1856 4598 scrutinia
1875 4541 1903 4596 io

195 4609 476 4681 Christianitatis
490 4609 547 4680 ipio
561 4608 866 4680 sanquinereservotnr
880 4612 908 4667 in
925 4614 1019 4681 catice,
1074 4611 1301 4684 Quadragesima
1315 4611 1392 4668 facta
1403 4611 1440 4668 ad
1450 4609 1504 4666 boc
1514 4615 1729 4667 sacramentum
1741 4612 1905 4685 comparati

194 4688 219 4736 ct
228 4680 479 4753 superinfunditur
487 4681 585 4736 vinnm
594 4695 708 4751 pnrnm,
719 4689 749 4736 nt
759 4681 1020 4753 ipsicommnnicoii-
1076 4685 1199 4741 fuerint.

195 4761 233 4808 tes
243 4752 308 4809 inde
321 4760 444 4809 nmini.
454 4751 669 4810 Noncns'messet
678 4751 894 4812 decenstontnm
905 4756 1020 4827 sonpni'·
1112 4755 1180 4811 Post
1191 4751 1453 4811 celebratosmedia
1467 4756 1550 4810 nocte
1564 4753 1729 4819 Matutioos,
1738 4753 1906 4811 horatertia

194 4840 259 4881 nem
274 4825 416 4896 conficere,
430 4840 481 4880 nee
492 4822 565 4879 cotie
578 4839 665 4895 oepec
680 4825 870 4880 i'nveni'reiiir.
1075 4825 1237 4897 baptizandi
1249 4825 1278 4880 in
1289 4824 1439 4882 ecclesiam
1453 4826 1676 4882 Lateraoensem
1687 4827 1904 4897 procedebant3

229 4896 305 4951 ldem
323 4898 423 4953 auctor
436 4894 467 4951 in
482 4895 721 4966 consequentibus
733 4900 820 4968 negat
841 4896 899 4952 vini
922 4914 1019 4954 conse·
1075 4895 1433 4970 ibiquestabantordinati,
1446 4895 1687 4968 masculiquidem
1696 4897 1733 4951 ad
1741 4898 1904 4961 dexteram,

195 4966 354 5024 cretionem
369 4982 435 5023 aere
445 4965 520 5023 effici
534 4981 568 5022 er
576 4966 718 5039 ejusmodi
728 4970 871 5024 contactu.
884 4968 960 5034 Quas
966 4968 1022 5025 huc
1076 4967 1191 5025 femine
1203 4969 1346 5024 autemid
1360 4966 1517 5023 sinistram.
1528 4968 1600 5023 Tum
1615 4969 1748 5023 sacerdos
1760 4966 1905 5024 frontibus

196 5038 280 5095 affert
294 5038 431 5103 rationes,
444 5039 556 5108 utrique
566 5036 670 5109 speciei
683 5043 940 5107 commuucssunt;
952 5057 1021 5112 qua·
1075 5040 1251 5112 singulorum
1267 5054 1380 5095 crucem
1396 5038 1574 5110 imprimens,
1588 5038 1659 5094 ritus
1674 5039 1904 5096 exorcismorum

194 5126 259 5166 rum
278 5109 422 5182 praecipua
431 5112 475 5165 est
489 5109 565 5180 quod
575 5124 723 5182 nunquam
741 5110 791 5166 flat
801 5111 1020 5168 reraeooiersio
1075 5115 1102 5169 et
1117 5109 1401 5168 abrenuntiationum
1416 5111 1556 5181 explebat.

195 5181 278 5253 panis
289 5184 340 5237 aut
353 5179 412 5236 iini
424 5180 453 5236 in
468 5179 655 5247 Eucharistia,
668 5179 721 5236 nisi
737 5197 788 5253 per
799 5181 940 5239 solemnia
950 5199 1021 5239 con·
1110 5183 1184 5238 flora
1208 5195 1286 5238 nona
1300 5181 1428 5252 pontifex
1455 5197 1520 5237 curn
1548 5180 1753 5245 sacerdotibus,
1783 5179 1906 5252 aliisque

193 5250 363 5309 secretionis
376 5252 472 5321 rerba,
489 5268 552 5324 que
566 5251 695 5308 Christus
706 5252 840 5308 instituit,
857 5256 912 5310 Sed
922 5258 1019 5311 tamen
1075 5252 1214 5309 ministris
1228 5270 1244 5309 e
1258 5253 1384 5309 sacrario
1397 5253 1502 5324 absque
1514 5256 1601 5307 cantu
1614 5251 1748 5323 prodibat
1760 5267 1828 5307 curii
1844 5268 1907 5307 res·

195 5322 344 5396 peculiaria
360 5328 403 5380 est
415 5323 570 5380 difficultas
586 5325 621 5380 de
633 5323 699 5380 ilno
726 5328 755 5379 et
769 5323 908 5396 sanguine
924 5340 1021 5381 conse·
1074 5324 1151 5381 tibiis
1165 5324 1263 5391 sacris,
1279 5325 1457 5395 precedente
1472 5339 1529 5379 uno
1551 5327 1603 5378 aut
1616 5323 1706 5379 altero
1733 5338 1829 5387 cereo,
1854 5322 1905 5395 qui

194 5400 285 5463 erato,
298 5412 362 5468 quas
378 5393 488 5451 facilius
504 5395 532 5450 iri
549 5410 610 5451 sese
624 5394 746 5449 invicem
755 5395 881 5451 converti
890 5400 1020 5466 possunt.
1075 5396 1104 5451 in
1117 5396 1291 5452 candelabro
1306 5399 1373 5451 aute
1387 5395 1477 5450 altare
1490 5395 1678 5450 statuebatur.
1702 5393 1812 5451 Deinde
1826 5393 1907 5450 facts

195 5469 266 5523 Nam
282 5467 313 5523 in
325 5466 494 5539 sanguinem
508 5465 622 5521 infundi
631 5468 726 5535 potest
736 5463 833 5519 vinnm
845 5464 873 5519 in
885 5482 919 5521 ea
930 5482 1021 5538 quan·
1075 5467 1148 5523 cerei
1159 5467 1301 5537 paschalis
1309 5465 1518 5531 Benedictione,
1530 5466 1629 5531 lector,
1640 5465 1772 5538 deposita
1784 5464 1906 5537 planeta

195 5537 277 5596 titate
293 5539 484 5610 etqualitate,
500 5541 541 5605 ut,
559 5535 582 5591 si
594 5534 692 5590 vinum
704 5534 856 5606 utrobique
866 5553 970 5607 purum
980 5552 1023 5592 es·
1076 5539 1229 5593 ambonem
1240 5538 1443 5601 conscenderis,
1471 5537 1622 5594 lectionem
1637 5554 1671 5593 eri
1695 5537 1768 5592 libro
1784 5536 1905 5592 Genesis

196 5614 249 5675 set,
265 5609 387 5667 alterum
402 5610 439 5664 ab
452 5608 543 5665 attero
560 5604 673 5678 penitus
686 5607 885 5663 absorberetur
900 5614 986 5679 3pnta
998 5608 1021 5664 si
1076 5609 1173 5666 Graece
1188 5609 1392 5681 pronuntiabat
1407 5626 1414 5675 ;
1427 5624 1493 5664 mox
1508 5609 1581 5665 alter
1595 5609 1704 5674 Latine,
1720 5612 1749 5664 et
1774 5607 1816 5664 sic
1830 5608 1905 5664 alias

197 5696 300 5752 parum
311 5679 369 5736 vini
381 5678 483 5735 debilis
496 5678 526 5734 io
541 5692 679 5750 inagnum
694 5677 813 5735 calicem
828 5677 885 5734 viiii
897 5695 1022 5752 genero·
1076 5679 1123 5736 alii
1138 5682 1360 5753 consequenter.
1379 5680 1428 5735 llis
1442 5679 1591 5750 absolutis,
1605 5679 1739 5738 Psalmus
1749 5679 1829 5736 Sient
1843 5696 1905 5736 sei·-

197 5750 304 5809 sissimi
314 5749 522 5817 infunderetur,
530 5748 630 5821 quidni
638 5748 667 5806 iii
675 5748 747 5806 illud
757 5748 852 5822 ipsum
876 5755 1022 5810 converte·
1075 5768 1122 5809 cns
1136 5752 1229 5809 Grace
1239 5752 1457 5820 decantabatur,
1477 5751 1606 5826 altusque
1632 5750 1765 5810 Psalmus
1788 5750 1905 5811 Latine.
