<?xml version="1.0" encoding="UTF-8"?>
<!DOCTYPE html PUBLIC "-//W3C//DTD XHTML 1.0 Transitional//EN"
    "http://www.w3.org/TR/xhtml1/DTD/xhtml1-transitional.dtd">
<html xmlns="http://www.w3.org/1999/xhtml" xml:lang="en" lang="en">
 <head>
  <title>
</title>
<meta http-equiv="Content-Type" content="text/html;charset=utf-8" />
  <meta name='ocr-system' content='tesseract 3.04.00' />
  <meta name='ocr-capabilities' content='ocr_page ocr_carea ocr_par ocr_line ocrx_word'/>
</head>
<body>
  <div class='ocr_page' id='page_1' title='image "./patrologiaecurs218unkngoog_0207.png"; bbox 0 0 4022 6174; ppageno 0'>
   <div class='ocr_carea' id='block_1_1' title="bbox 82 241 1754 317">
    <p class='ocr_par' dir='ltr' id='par_1_1' title="bbox 82 241 1754 317">
     <span class='ocr_line' id='line_1_1' title="bbox 82 241 1754 317; baseline 0.005 -8"><span class='ocrx_word' id='word_1_1' title='bbox 82 244 126 309; x_wconf 81' lang='lat' dir='ltr'>ns</span> <span class='ocrx_word' id='word_1_2' title='bbox 431 241 468 307; x_wconf 80' lang='lat' dir='ltr'>nt</span> <span class='ocrx_word' id='word_1_3' title='bbox 488 245 519 311; x_wconf 81' lang='lat'>8.</span> <span class='ocrx_word' id='word_1_4' title='bbox 542 244 716 313; x_wconf 77' lang='lat' dir='ltr'>annuant</span> <span class='ocrx_word' id='word_1_5' title='bbox 738 245 875 310; x_wconf 79' lang='lat' dir='ltr'><strong>LIBRUM</strong></span> <span class='ocrx_word' id='word_1_6' title='bbox 896 244 1221 317; x_wconf 75' lang='lat' dir='ltr'>saccanmronnn</span> <span class='ocrx_word' id='word_1_7' title='bbox 1241 251 1361 317; x_wconf 76' lang='lat' dir='ltr'>NOTAE.</span> <span class='ocrx_word' id='word_1_8' title='bbox 1697 249 1754 317; x_wconf 80' lang='lat' dir='ltr'>itt</span> 
     </span>
    </p>
   </div>
   <div class='ocr_carea' id='block_1_2' title="bbox 73 375 1758 1395">
    <p class='ocr_par' dir='ltr' id='par_1_2' title="bbox 73 375 1758 1395">
     <span class='ocr_line' id='line_1_2' title="bbox 79 375 1756 459; baseline 0.005 -23"><span class='ocrx_word' id='word_1_9' title='bbox 79 375 874 454; x_wconf 80' lang='lat' dir='ltr'>nuptsobcrcbratamillaimpedimentarixobirepoterat.</span> <span class='ocrx_word' id='word_1_10' title='bbox 890 380 915 445; x_wconf 78' lang='grc' dir='ltr'><strong>Α</strong></span> <span class='ocrx_word' id='word_1_11' title='bbox 930 384 980 457; x_wconf 78' lang='lat' dir='ltr'>qai</span> <span class='ocrx_word' id='word_1_12' title='bbox 1000 384 1141 457; x_wconf 76' lang='lat' dir='ltr'>Uur&#39;peniti</span> <span class='ocrx_word' id='word_1_13' title='bbox 1155 386 1199 442; x_wconf 86' lang='lat' dir='ltr'>tui</span> <span class='ocrx_word' id='word_1_14' title='bbox 1220 387 1337 458; x_wconf 82' lang='lat' dir='ltr'>pretioso</span> <span class='ocrx_word' id='word_1_15' title='bbox 1350 386 1481 459; x_wconf 70' lang='lat' dir='ltr'>sananim</span> <span class='ocrx_word' id='word_1_16' title='bbox 1506 386 1645 459; x_wconf 68' lang='lat' dir='ltr'>ciciieatoe</span> <span class='ocrx_word' id='word_1_17' title='bbox 1665 389 1756 445; x_wconf 75' lang='lat' dir='ltr'>manis</span> 
     </span>
     <span class='ocr_line' id='line_1_3' title="bbox 106 450 1756 533; baseline 0.005 -26"><span class='ocrx_word' id='word_1_18' title='bbox 106 455 152 507; x_wconf 80' lang='lat' dir='ltr'>lieo</span> <span class='ocrx_word' id='word_1_19' title='bbox 162 451 195 507; x_wconf 82' lang='lat' dir='ltr'>ad</span> <span class='ocrx_word' id='word_1_20' title='bbox 209 465 268 504; x_wconf 91' lang='lat' dir='ltr'>rem</span> <span class='ocrx_word' id='word_1_21' title='bbox 290 450 357 506; x_wconf 88' lang='lat' dir='ltr'>tacit</span> <span class='ocrx_word' id='word_1_22' title='bbox 377 451 405 506; x_wconf 92' lang='lat' dir='ltr'>id</span> <span class='ocrx_word' id='word_1_23' title='bbox 428 453 652 524; x_wconf 87' lang='lat' dir='ltr'>qnodobjicilur</span> <span class='ocrx_word' id='word_1_24' title='bbox 678 470 713 509; x_wconf 84' lang='lat' dir='ltr'>ex</span> <span class='ocrx_word' id='word_1_25' title='bbox 730 454 813 523; x_wconf 85' lang='lat' dir='ltr'>epist.</span> <span class='ocrx_word' id='word_1_26' title='bbox 841 452 877 508; x_wconf 83' lang='lat'>63</span> <span class='ocrx_word' id='word_1_27' title='bbox 930 456 1063 512; x_wconf 80' lang='lat' dir='ltr'>ueritiam</span> <span class='ocrx_word' id='word_1_28' title='bbox 1076 459 1244 528; x_wconf 69' lang='lat' dir='ltr'>saraotipirare</span> <span class='ocrx_word' id='word_1_29' title='bbox 1258 459 1376 516; x_wconf 87' lang='lat' dir='ltr'>coluisti.</span> <span class='ocrx_word' id='word_1_30' title='bbox 1388 459 1443 517; x_wconf 90' lang='lat' dir='ltr'>Ubi</span> <span class='ocrx_word' id='word_1_31' title='bbox 1459 459 1612 533; x_wconf 85' lang='lat' dir='ltr'>legendum</span> <span class='ocrx_word' id='word_1_32' title='bbox 1632 465 1675 516; x_wconf 88' lang='lat' dir='ltr'>est</span> <span class='ocrx_word' id='word_1_33' title='bbox 1688 460 1756 516; x_wconf 86' lang='lat' dir='ltr'>cici·</span> 
     </span>
     <span class='ocr_line' id='line_1_4' title="bbox 79 521 1315 599; baseline 0.006 -20"><span class='ocrx_word' id='word_1_34' title='bbox 79 526 150 579; x_wconf 86' lang='lat' dir='ltr'>sancti</span> <span class='ocrx_word' id='word_1_35' title='bbox 171 521 273 585; x_wconf 71' lang='lat' dir='ltr'>basilii,</span> <span class='ocrx_word' id='word_1_36' title='bbox 294 521 323 576; x_wconf 93' lang='lat' dir='ltr'>in</span> <span class='ocrx_word' id='word_1_37' title='bbox 345 539 401 593; x_wconf 82' lang='lat' dir='ltr'>qua</span> <span class='ocrx_word' id='word_1_38' title='bbox 421 524 519 578; x_wconf 76' lang='lat' dir='ltr'>scribit</span> <span class='ocrx_word' id='word_1_39' title='bbox 538 529 667 594; x_wconf 87' lang='lat' dir='ltr'>ternpore</span> <span class='ocrx_word' id='word_1_40' title='bbox 690 524 780 580; x_wconf 90' lang='lat' dir='ltr'>sancti</span> <span class='ocrx_word' id='word_1_41' title='bbox 811 524 875 579; x_wconf 87' lang='lat' dir='ltr'>Gre-</span> <span class='ocrx_word' id='word_1_42' title='bbox 929 528 1044 597; x_wconf 48' lang='lat' dir='ltr'>fictesut</span> <span class='ocrx_word' id='word_1_43' title='bbox 1057 531 1132 599; x_wconf 87' lang='lat' dir='ltr'>apud</span> <span class='ocrx_word' id='word_1_44' title='bbox 1148 529 1315 586; x_wconf 85' lang='lat' dir='ltr'>Pometiam.</span> 
     </span>
     <span class='ocr_line' id='line_1_5' title="bbox 79 592 1757 674; baseline 0.006 -26"><span class='ocrx_word' id='word_1_45' title='bbox 79 592 136 666; x_wconf 76' lang='lat' dir='ltr'>gorii</span> <span class='ocrx_word' id='word_1_46' title='bbox 162 592 393 649; x_wconf 79' lang='lat' dir='ltr'>Neocrcsariensis</span> <span class='ocrx_word' id='word_1_47' title='bbox 423 595 547 667; x_wconf 81' lang='lat' dir='ltr'><strong>episcopi</strong></span> <span class='ocrx_word' id='word_1_48' title='bbox 581 596 696 655; x_wconf 88' lang='lat' dir='ltr'>litanias</span> <span class='ocrx_word' id='word_1_49' title='bbox 726 595 754 650; x_wconf 92' lang='lat' dir='ltr'>in</span> <span class='ocrx_word' id='word_1_50' title='bbox 784 595 876 651; x_wconf 80' lang='lat' dir='ltr'>Caele·</span> <span class='ocrx_word' id='word_1_51' title='bbox 966 599 1041 654; x_wconf 88' lang='lat' dir='ltr'>Olim</span> <span class='ocrx_word' id='word_1_52' title='bbox 1056 616 1089 655; x_wconf 89' lang='lat' dir='ltr'>eo</span> <span class='ocrx_word' id='word_1_53' title='bbox 1105 600 1149 656; x_wconf 91' lang='lat' dir='ltr'>die</span> <span class='ocrx_word' id='word_1_54' title='bbox 1170 600 1222 655; x_wconf 91' lang='lat' dir='ltr'>sub</span> <span class='ocrx_word' id='word_1_55' title='bbox 1235 601 1320 657; x_wconf 87' lang='lat' dir='ltr'>tinem</span> <span class='ocrx_word' id='word_1_56' title='bbox 1335 601 1458 658; x_wconf 82' lang='lat' dir='ltr'>Missaea</span> <span class='ocrx_word' id='word_1_57' title='bbox 1479 602 1611 674; x_wconf 86' lang='lat' dir='ltr'>pontifice</span> <span class='ocrx_word' id='word_1_58' title='bbox 1625 619 1693 658; x_wconf 79' lang='lat' dir='ltr'>crux</span> <span class='ocrx_word' id='word_1_59' title='bbox 1711 619 1757 659; x_wconf 81' lang='lat' dir='ltr'>ex-</span> 
     </span>
     <span class='ocr_line' id='line_1_6' title="bbox 78 663 1756 742; baseline 0.006 -22"><span class='ocrx_word' id='word_1_60' title='bbox 78 663 197 721; x_wconf 86' lang='lat' dir='ltr'>statuisse</span> <span class='ocrx_word' id='word_1_61' title='bbox 209 663 336 719; x_wconf 82' lang='lat' dir='ltr'>usitatas.</span> <span class='ocrx_word' id='word_1_62' title='bbox 363 667 444 731; x_wconf 84' lang='lat' dir='ltr'>Quod</span> <span class='ocrx_word' id='word_1_63' title='bbox 466 667 589 723; x_wconf 77' lang='lat' dir='ltr'>admitto</span> <span class='ocrx_word' id='word_1_64' title='bbox 601 667 717 738; x_wconf 87' lang='lat' dir='ltr'>quidem</span> <span class='ocrx_word' id='word_1_65' title='bbox 729 684 736 732; x_wconf 85' lang='lat'><strong>;</strong></span> <span class='ocrx_word' id='word_1_66' title='bbox 760 668 809 722; x_wconf 89' lang='lat' dir='ltr'>scd</span> <span class='ocrx_word' id='word_1_67' title='bbox 823 667 876 723; x_wconf 86' lang='lat' dir='ltr'>hoc</span> <span class='ocrx_word' id='word_1_68' title='bbox 930 669 1094 733; x_wconf 85' lang='lat' dir='ltr'>tollebatur,</span> <span class='ocrx_word' id='word_1_69' title='bbox 1106 679 1136 728; x_wconf 90' lang='lat' dir='ltr'>ut</span> <span class='ocrx_word' id='word_1_70' title='bbox 1150 671 1277 742; x_wconf 89' lang='lat' dir='ltr'>apopulo</span> <span class='ocrx_word' id='word_1_71' title='bbox 1292 673 1479 733; x_wconf 79' lang='lat' dir='ltr'>adoraretur:</span> <span class='ocrx_word' id='word_1_72' title='bbox 1491 679 1519 728; x_wconf 83' lang='grc' dir='ltr'>ει</span> <span class='ocrx_word' id='word_1_73' title='bbox 1530 674 1591 729; x_wconf 78' lang='lat' dir='ltr'>haec</span> <span class='ocrx_word' id='word_1_74' title='bbox 1600 673 1642 729; x_wconf 80' lang='lat' dir='ltr'>nel</span> <span class='ocrx_word' id='word_1_75' title='bbox 1654 673 1756 730; x_wconf 87' lang='lat' dir='ltr'>similis</span> 
     </span>
     <span class='ocr_line' id='line_1_7' title="bbox 77 735 1757 814; baseline 0.006 -23"><span class='ocrx_word' id='word_1_76' title='bbox 77 738 127 791; x_wconf 88' lang='lat' dir='ltr'>loco</span> <span class='ocrx_word' id='word_1_77' title='bbox 145 735 244 791; x_wconf 88' lang='lat' dir='ltr'>litaniae</span> <span class='ocrx_word' id='word_1_78' title='bbox 268 739 488 807; x_wconf 82' lang='lat' dir='ltr'>suntquoedam</span> <span class='ocrx_word' id='word_1_79' title='bbox 515 756 619 809; x_wconf 81' lang='lat' dir='ltr'><strong>preces,</strong></span> <span class='ocrx_word' id='word_1_80' title='bbox 649 756 762 811; x_wconf 83' lang='lat' dir='ltr'>nempe,</span> <span class='ocrx_word' id='word_1_81' title='bbox 792 738 876 809; x_wconf 79' lang='lat' dir='ltr'>Kysis</span> <span class='ocrx_word' id='word_1_82' title='bbox 931 741 1065 807; x_wconf 85' lang='lat' dir='ltr'>Collecta,</span> <span class='ocrx_word' id='word_1_83' title='bbox 1080 743 1263 809; x_wconf 86' lang='lat' dir='ltr'>recitabatur,</span> <span class='ocrx_word' id='word_1_84' title='bbox 1279 746 1354 814; x_wconf 86' lang='lat' dir='ltr'>quod</span> <span class='ocrx_word' id='word_1_85' title='bbox 1369 761 1405 799; x_wconf 86' lang='lat' dir='ltr'>ex</span> <span class='ocrx_word' id='word_1_86' title='bbox 1420 745 1521 801; x_wconf 87' lang='lat' dir='ltr'>Codice</span> <span class='ocrx_word' id='word_1_87' title='bbox 1532 745 1686 801; x_wconf 88' lang='lat' dir='ltr'>Rbemecsi</span> <span class='ocrx_word' id='word_1_88' title='bbox 1700 745 1757 801; x_wconf 91' lang='lat' dir='ltr'>eol-</span> 
     </span>
     <span class='ocr_line' id='line_1_8' title="bbox 77 806 1756 885; baseline 0.006 -23"><span class='ocrx_word' id='word_1_89' title='bbox 77 806 248 873; x_wconf 76' lang='lat' dir='ltr'>eleisonelc,</span> <span class='ocrx_word' id='word_1_90' title='bbox 271 807 371 878; x_wconf 83' lang='lat' dir='ltr'>quales</span> <span class='ocrx_word' id='word_1_91' title='bbox 392 807 535 865; x_wconf 88' lang='lat' dir='ltr'>habentur</span> <span class='ocrx_word' id='word_1_92' title='bbox 556 810 697 880; x_wconf 80' lang='lat' dir='ltr'>inreguta</span> <span class='ocrx_word' id='word_1_93' title='bbox 719 809 810 865; x_wconf 88' lang='lat' dir='ltr'>sancti</span> <span class='ocrx_word' id='word_1_94' title='bbox 827 810 876 865; x_wconf 78' lang='lat' dir='ltr'>tie·</span> <span class='ocrx_word' id='word_1_95' title='bbox 930 812 1018 885; x_wconf 83' lang='lat' dir='ltr'>ligere</span> <span class='ocrx_word' id='word_1_96' title='bbox 1033 817 1085 877; x_wconf 89' lang='lat' dir='ltr'>est,</span> <span class='ocrx_word' id='word_1_97' title='bbox 1108 815 1154 869; x_wconf 91' lang='lat' dir='ltr'>ubi</span> <span class='ocrx_word' id='word_1_98' title='bbox 1175 816 1227 871; x_wconf 94' lang='lat' dir='ltr'>sub</span> <span class='ocrx_word' id='word_1_99' title='bbox 1249 814 1336 870; x_wconf 84' lang='lat' dir='ltr'>licem</span> <span class='ocrx_word' id='word_1_100' title='bbox 1364 814 1456 871; x_wconf 82' lang='lat' dir='ltr'>ttissra</span> <span class='ocrx_word' id='word_1_101' title='bbox 1475 820 1567 872; x_wconf 75' lang='lat' dir='ltr'>exstat</span> <span class='ocrx_word' id='word_1_102' title='bbox 1590 816 1687 872; x_wconf 90' lang='lat' dir='ltr'>Oratio</span> <span class='ocrx_word' id='word_1_103' title='bbox 1718 817 1756 872; x_wconf 91' lang='lat' dir='ltr'>ad</span> 
     </span>
     <span class='ocr_line' id='line_1_9' title="bbox 77 877 1757 957; baseline 0.006 -23"><span class='ocrx_word' id='word_1_104' title='bbox 77 877 170 941; x_wconf 90' lang='lat' dir='ltr'>nedicti,</span> <span class='ocrx_word' id='word_1_105' title='bbox 185 894 246 947; x_wconf 83' lang='lat' dir='ltr'>cap.</span> <span class='ocrx_word' id='word_1_106' title='bbox 266 879 303 933; x_wconf 79' lang='lat' dir='ltr'>tl:</span> <span class='ocrx_word' id='word_1_107' title='bbox 321 878 384 934; x_wconf 87' lang='lat' dir='ltr'>Post</span> <span class='ocrx_word' id='word_1_108' title='bbox 401 880 445 933; x_wconf 84' lang='lat' dir='ltr'>tiis</span> <span class='ocrx_word' id='word_1_109' title='bbox 457 880 535 936; x_wconf 87' lang='lat' dir='ltr'>tectio</span> <span class='ocrx_word' id='word_1_110' title='bbox 556 882 680 951; x_wconf 65' lang='lat' dir='ltr'>Aprostoti</span> <span class='ocrx_word' id='word_1_111' title='bbox 699 888 828 952; x_wconf 86' lang='lat' dir='ltr'>sequatur</span> <span class='ocrx_word' id='word_1_112' title='bbox 844 898 877 936; x_wconf 81' lang='lat' dir='ltr'>aa</span> <span class='ocrx_word' id='word_1_113' title='bbox 930 902 1044 941; x_wconf 89' lang='lat' dir='ltr'>crucem</span> <span class='ocrx_word' id='word_1_114' title='bbox 1068 886 1252 942; x_wconf 89' lang='lat' dir='ltr'>salutandam</span> <span class='ocrx_word' id='word_1_115' title='bbox 1276 889 1444 957; x_wconf 87' lang='lat' dir='ltr'>constatque</span> <span class='ocrx_word' id='word_1_116' title='bbox 1468 903 1501 943; x_wconf 88' lang='lat' dir='ltr'>ex</span> <span class='ocrx_word' id='word_1_117' title='bbox 1521 887 1583 943; x_wconf 91' lang='lat' dir='ltr'>loco</span> <span class='ocrx_word' id='word_1_118' title='bbox 1609 887 1695 944; x_wconf 88' lang='lat' dir='ltr'>citato</span> <span class='ocrx_word' id='word_1_119' title='bbox 1711 888 1757 944; x_wconf 87' lang='lat' dir='ltr'>Al·</span> 
     </span>
     <span class='ocr_line' id='line_1_10' title="bbox 76 949 1017 1024; baseline 0.005 -19"><span class='ocrx_word' id='word_1_120' title='bbox 76 949 137 1005; x_wconf 84' lang='lat' dir='ltr'>eorde</span> <span class='ocrx_word' id='word_1_121' title='bbox 149 949 296 1011; x_wconf 80' lang='lat' dir='ltr'>recitanda,</span> <span class='ocrx_word' id='word_1_122' title='bbox 309 958 334 1005; x_wconf 89' lang='lat' dir='ltr'>et</span> <span class='ocrx_word' id='word_1_123' title='bbox 344 968 436 1007; x_wconf 82' lang='lat' dir='ltr'>narsus</span> <span class='ocrx_word' id='word_1_124' title='bbox 448 959 473 1007; x_wconf 83' lang='lat' dir='ltr'>et</span> <span class='ocrx_word' id='word_1_125' title='bbox 481 952 643 1024; x_wconf 82' lang='lat' dir='ltr'>snpplicatio</span> <span class='ocrx_word' id='word_1_126' title='bbox 656 954 770 1017; x_wconf 82' lang='lat' dir='ltr'>titania,</span> <span class='ocrx_word' id='word_1_127' title='bbox 783 953 873 1016; x_wconf 87' lang='lat' dir='ltr'>idest,</span> <span class='ocrx_word' id='word_1_128' title='bbox 931 956 1017 1012; x_wconf 89' lang='lat' dir='ltr'>cuini.</span> 
     </span>
     <span class='ocr_line' id='line_1_11' title="bbox 76 1021 1756 1095; baseline 0.005 -19"><span class='ocrx_word' id='word_1_129' title='bbox 76 1021 146 1090; x_wconf 74' lang='lat' dir='ltr'>t&#39;prie</span> <span class='ocrx_word' id='word_1_130' title='bbox 165 1021 269 1075; x_wconf 72' lang='lat' dir='ltr'>etrson.</span> <span class='ocrx_word' id='word_1_131' title='bbox 286 1021 323 1075; x_wconf 79' lang='lat' dir='ltr'>m</span> <span class='ocrx_word' id='word_1_132' title='bbox 340 1024 379 1077; x_wconf 85' lang='lat' dir='ltr'>sic</span> <span class='ocrx_word' id='word_1_133' title='bbox 389 1024 526 1093; x_wconf 63' lang='lat' dir='ltr'>finiantur·</span> <span class='ocrx_word' id='word_1_134' title='bbox 549 1026 653 1094; x_wconf 75' lang='lat' dir='ltr'>nr&#39;ciliae</span> <span class='ocrx_word' id='word_1_135' title='bbox 677 1031 824 1079; x_wconf 73' lang='lat' dir='ltr'>nonarum.</span> <span class='ocrx_word' id='word_1_136' title='bbox 843 1024 877 1079; x_wconf 88' lang='lat' dir='ltr'>Et</span> <span class='ocrx_word' id='word_1_137' title='bbox 967 1028 1029 1083; x_wconf 76' lang='lat'><strong>478.</strong></span> <span class='ocrx_word' id='word_1_138' title='bbox 1050 1028 1209 1092; x_wconf 85' lang='lat' dir='ltr'>Ecderudie,</span> <span class='ocrx_word' id='word_1_139' title='bbox 1222 1028 1311 1083; x_wconf 85' lang='lat' dir='ltr'>natata</span> <span class='ocrx_word' id='word_1_140' title='bbox 1325 1035 1478 1084; x_wconf 69' lang='lat' dir='ltr'>sannorum</span> <span class='ocrx_word' id='word_1_141' title='bbox 1502 1028 1634 1095; x_wconf 86' lang='lat' dir='ltr'>Cornelii,</span> <span class='ocrx_word' id='word_1_142' title='bbox 1653 1032 1706 1086; x_wconf 86' lang='lat' dir='ltr'>etc.</span> <span class='ocrx_word' id='word_1_143' title='bbox 1724 1029 1756 1085; x_wconf 90' lang='lat' dir='ltr'>ln</span> 
     </span>
     <span class='ocr_line' id='line_1_12' title="bbox 74 1092 1756 1166; baseline 0.005 -18"><span class='ocrx_word' id='word_1_144' title='bbox 74 1108 122 1163; x_wconf 78' lang='lat' dir='ltr'>cap.</span> <span class='ocrx_word' id='word_1_145' title='bbox 137 1092 175 1146; x_wconf 86' lang='lat' dir='ltr'>n.</span> <span class='ocrx_word' id='word_1_146' title='bbox 189 1093 253 1147; x_wconf 91' lang='lat' dir='ltr'>Non</span> <span class='ocrx_word' id='word_1_147' title='bbox 274 1108 340 1149; x_wconf 81' lang='lat' dir='ltr'>sero</span> <span class='ocrx_word' id='word_1_148' title='bbox 363 1094 546 1149; x_wconf 76' lang='lat' dir='ltr'><strong>lustrationes</strong></span> <span class='ocrx_word' id='word_1_149' title='bbox 565 1101 593 1150; x_wconf 90' lang='lat' dir='ltr'>et</span> <span class='ocrx_word' id='word_1_150' title='bbox 615 1095 876 1161; x_wconf 87' lang='lat' dir='ltr'>obarnbnlationes‚</span> <span class='ocrx_word' id='word_1_151' title='bbox 932 1100 1056 1163; x_wconf 76' lang='lat' dir='ltr'>Excusis,</span> <span class='ocrx_word' id='word_1_152' title='bbox 1070 1106 1100 1155; x_wconf 92' lang='lat' dir='ltr'>et</span> <span class='ocrx_word' id='word_1_153' title='bbox 1113 1100 1141 1154; x_wconf 93' lang='lat' dir='ltr'>in</span> <span class='ocrx_word' id='word_1_154' title='bbox 1155 1099 1288 1155; x_wconf 90' lang='lat' dir='ltr'>omnibus</span> <span class='ocrx_word' id='word_1_155' title='bbox 1303 1099 1366 1155; x_wconf 89' lang='lat' dir='ltr'>aliis</span> <span class='ocrx_word' id='word_1_156' title='bbox 1381 1100 1529 1156; x_wconf 92' lang='lat' dir='ltr'>Codicibus</span> <span class='ocrx_word' id='word_1_157' title='bbox 1544 1100 1649 1165; x_wconf 82' lang='lat' dir='ltr'>nostris</span> <span class='ocrx_word' id='word_1_158' title='bbox 1675 1117 1756 1166; x_wconf 78' lang='lat' dir='ltr'>mss,</span> 
     </span>
     <span class='ocr_line' id='line_1_13' title="bbox 74 1162 1758 1244; baseline 0.005 -26"><span class='ocrx_word' id='word_1_159' title='bbox 74 1179 173 1233; x_wconf 80' lang='lat' dir='ltr'>quarum</span> <span class='ocrx_word' id='word_1_160' title='bbox 185 1162 281 1218; x_wconf 85' lang='lat' dir='ltr'>nullus</span> <span class='ocrx_word' id='word_1_161' title='bbox 296 1168 357 1220; x_wconf 89' lang='lat' dir='ltr'>erat</span> <span class='ocrx_word' id='word_1_162' title='bbox 371 1172 499 1235; x_wconf 87' lang='lat' dir='ltr'>tempore</span> <span class='ocrx_word' id='word_1_163' title='bbox 513 1166 625 1237; x_wconf 80' lang='lat' dir='ltr'>praetati</span> <span class='ocrx_word' id='word_1_164' title='bbox 640 1166 767 1238; x_wconf 79' lang='lat' dir='ltr'>Gregorii</span> <span class='ocrx_word' id='word_1_165' title='bbox 782 1166 811 1222; x_wconf 92' lang='lat' dir='ltr'>in</span> <span class='ocrx_word' id='word_1_166' title='bbox 830 1165 878 1219; x_wconf 81' lang='lat' dir='ltr'>Ec·</span> <span class='ocrx_word' id='word_1_167' title='bbox 932 1175 960 1227; x_wconf 91' lang='lat' dir='ltr'>et</span> <span class='ocrx_word' id='word_1_168' title='bbox 974 1172 1050 1242; x_wconf 88' lang='lat' dir='ltr'>apud</span> <span class='ocrx_word' id='word_1_169' title='bbox 1066 1171 1232 1235; x_wconf 76' lang='lat' dir='ltr'>camellum,</span> <span class='ocrx_word' id='word_1_170' title='bbox 1247 1172 1347 1226; x_wconf 86' lang='lat' dir='ltr'>horum</span> <span class='ocrx_word' id='word_1_171' title='bbox 1359 1170 1463 1226; x_wconf 88' lang='lat' dir='ltr'>testum</span> <span class='ocrx_word' id='word_1_172' title='bbox 1479 1177 1639 1244; x_wconf 85' lang='lat' dir='ltr'>martyrum</span> <span class='ocrx_word' id='word_1_173' title='bbox 1655 1172 1758 1228; x_wconf 88' lang='lat' dir='ltr'>codem</span> 
     </span>
     <span class='ocr_line' id='line_1_14' title="bbox 74 1233 1757 1314; baseline 0.004 -24"><span class='ocrx_word' id='word_1_174' title='bbox 74 1233 144 1292; x_wconf 86' lang='lat' dir='ltr'>etesia</span> <span class='ocrx_word' id='word_1_175' title='bbox 163 1250 238 1296; x_wconf 84' lang='lat' dir='ltr'>usus,</span> <span class='ocrx_word' id='word_1_176' title='bbox 262 1236 298 1289; x_wconf 93' lang='lat' dir='ltr'>ob</span> <span class='ocrx_word' id='word_1_177' title='bbox 324 1253 410 1307; x_wconf 86' lang='lat' dir='ltr'>supra</span> <span class='ocrx_word' id='word_1_178' title='bbox 432 1237 539 1293; x_wconf 88' lang='lat' dir='ltr'>dictam</span> <span class='ocrx_word' id='word_1_179' title='bbox 560 1254 701 1293; x_wconf 86' lang='lat' dir='ltr'>causam:</span> <span class='ocrx_word' id='word_1_180' title='bbox 731 1237 779 1309; x_wconf 87' lang='lat' dir='ltr'>qui</span> <span class='ocrx_word' id='word_1_181' title='bbox 807 1253 878 1292; x_wconf 86' lang='lat' dir='ltr'>sane</span> <span class='ocrx_word' id='word_1_182' title='bbox 932 1243 979 1297; x_wconf 72' lang='lat' dir='ltr'>ilie</span> <span class='ocrx_word' id='word_1_183' title='bbox 998 1242 1181 1297; x_wconf 81' lang='lat' dir='ltr'>exaltationis</span> <span class='ocrx_word' id='word_1_184' title='bbox 1200 1242 1757 1314; x_wconf 78' lang='lat' dir='ltr'>sanctaecrucissolemnitasperagitur,</span> 
     </span>
     <span class='ocr_line' id='line_1_15' title="bbox 73 1305 1758 1395; baseline 0.005 -35"><span class='ocrx_word' id='word_1_185' title='bbox 73 1306 148 1377; x_wconf 88' lang='lat' dir='ltr'>prima</span> <span class='ocrx_word' id='word_1_186' title='bbox 158 1305 241 1376; x_wconf 74' lang='lat' dir='ltr'>caepit</span> <span class='ocrx_word' id='word_1_187' title='bbox 253 1307 511 1379; x_wconf 81' lang='lat' dir='ltr'>Constantinopoli.</span> <span class='ocrx_word' id='word_1_188' title='bbox 522 1309 575 1364; x_wconf 91' lang='lat' dir='ltr'>sub</span> <span class='ocrx_word' id='word_1_189' title='bbox 584 1314 685 1364; x_wconf 93' lang='lat' dir='ltr'>sancto</span> <span class='ocrx_word' id='word_1_190' title='bbox 697 1311 781 1367; x_wconf 91' lang='lat' dir='ltr'>toan.</span> <span class='ocrx_word' id='word_1_191' title='bbox 791 1308 877 1379; x_wconf 76' lang='lat' dir='ltr'>Chry-</span> <span class='ocrx_word' id='word_1_192' title='bbox 931 1313 979 1384; x_wconf 89' lang='lat' dir='ltr'>qui</span> <span class='ocrx_word' id='word_1_193' title='bbox 993 1318 1036 1368; x_wconf 91' lang='grc' dir='ltr'>εει</span> <span class='ocrx_word' id='word_1_194' title='bbox 1046 1313 1186 1395; x_wconf 77' lang='lat' dir='ltr'>passionis</span> <span class='ocrx_word' id='word_1_195' title='bbox 1198 1313 1313 1368; x_wconf 90' lang='lat' dir='ltr'>illorum</span> <span class='ocrx_word' id='word_1_196' title='bbox 1329 1314 1398 1369; x_wconf 88' lang='lat' dir='ltr'>dies.</span> <span class='ocrx_word' id='word_1_197' title='bbox 1413 1315 1468 1370; x_wconf 87' lang='lat' dir='ltr'>Sed</span> <span class='ocrx_word' id='word_1_198' title='bbox 1480 1316 1758 1385; x_wconf 87' lang='lat' dir='ltr'>posteatranslatum</span> 
     </span>
    </p>
   </div>
   <div class='ocr_carea' id='block_1_3' title="bbox 66 1376 1830 3389">
    <p class='ocr_par' dir='ltr' id='par_1_3' title="bbox 66 1376 1830 3389">
     <span class='ocr_line' id='line_1_16' title="bbox 73 1376 1759 1456; baseline 0 -15"><span class='ocrx_word' id='word_1_199' title='bbox 73 1382 187 1442; x_wconf 67' lang='grc' dir='ltr'><strong>ιιιῑθιιιθ,</strong></span> <span class='ocrx_word' id='word_1_200' title='bbox 198 1378 235 1432; x_wconf 73' lang='lat' dir='ltr'>td</span> <span class='ocrx_word' id='word_1_201' title='bbox 249 1376 437 1449; x_wconf 64' lang='lat' dir='ltr'>[tangendum</span> <span class='ocrx_word' id='word_1_202' title='bbox 450 1380 621 1435; x_wconf 77' lang='lat' dir='ltr'>arianorum</span> <span class='ocrx_word' id='word_1_203' title='bbox 635 1380 752 1445; x_wconf 64' lang='lat' dir='ltr'>fastum·</span> <span class='ocrx_word' id='word_1_204' title='bbox 764 1380 823 1451; x_wconf 75' lang='lat' dir='ltr'>qut,</span> <span class='ocrx_word' id='word_1_205' title='bbox 835 1379 874 1433; x_wconf 77' lang='lat' dir='ltr'>di·</span> <span class='ocrx_word' id='word_1_206' title='bbox 932 1384 1015 1441; x_wconf 88' lang='lat' dir='ltr'>estin</span> <span class='ocrx_word' id='word_1_207' title='bbox 1029 1385 1106 1440; x_wconf 91' lang='lat' dir='ltr'>drem</span> <span class='ocrx_word' id='word_1_208' title='bbox 1123 1383 1212 1456; x_wconf 63' lang='lat'>416</span> <span class='ocrx_word' id='word_1_209' title='bbox 1228 1401 1273 1439; x_wconf 82' lang='lat' dir='ltr'>rvr</span> <span class='ocrx_word' id='word_1_210' title='bbox 1284 1384 1404 1441; x_wconf 79' lang='lat' dir='ltr'><strong>Kalend.</strong></span> <span class='ocrx_word' id='word_1_211' title='bbox 1418 1385 1558 1454; x_wconf 75' lang='lat' dir='ltr'>Octobris,</span> <span class='ocrx_word' id='word_1_212' title='bbox 1570 1391 1602 1441; x_wconf 90' lang='lat' dir='ltr'>ut</span> <span class='ocrx_word' id='word_1_213' title='bbox 1611 1385 1759 1443; x_wconf 83' lang='lat' dir='ltr'>riderecst</span> 
     </span>
     <span class='ocr_line' id='line_1_17' title="bbox 71 1448 1241 1523; baseline 0.004 -19"><span class='ocrx_word' id='word_1_214' title='bbox 71 1448 148 1504; x_wconf 89' lang='lat' dir='ltr'>laculo</span> <span class='ocrx_word' id='word_1_215' title='bbox 172 1450 263 1519; x_wconf 87' lang='lat' dir='ltr'>partis</span> <span class='ocrx_word' id='word_1_216' title='bbox 285 1449 407 1505; x_wconf 82' lang='lat' dir='ltr'>civitatis</span> <span class='ocrx_word' id='word_1_217' title='bbox 434 1451 553 1520; x_wconf 80' lang='lat' dir='ltr'>egressi,</span> <span class='ocrx_word' id='word_1_218' title='bbox 588 1452 711 1523; x_wconf 80' lang='lat' dir='ltr'>hymnos</span> <span class='ocrx_word' id='word_1_219' title='bbox 735 1451 876 1523; x_wconf 89' lang='lat' dir='ltr'>quosdam</span> <span class='ocrx_word' id='word_1_220' title='bbox 931 1456 959 1511; x_wconf 91' lang='lat' dir='ltr'>iu</span> <span class='ocrx_word' id='word_1_221' title='bbox 976 1456 1080 1511; x_wconf 87' lang='lat' dir='ltr'>Missali</span> <span class='ocrx_word' id='word_1_222' title='bbox 1102 1458 1241 1511; x_wconf 86' lang='lat' dir='ltr'>Romano.</span> 
     </span>
     <span class='ocr_line' id='line_1_18' title="bbox 71 1519 1760 1597; baseline 0.006 -23"><span class='ocrx_word' id='word_1_223' title='bbox 71 1519 216 1575; x_wconf 80' lang='lat' dir='ltr'>baresisua</span> <span class='ocrx_word' id='word_1_224' title='bbox 237 1524 322 1591; x_wconf 87' lang='lat' dir='ltr'>aptos</span> <span class='ocrx_word' id='word_1_225' title='bbox 337 1523 517 1578; x_wconf 87' lang='lat' dir='ltr'>decantando</span> <span class='ocrx_word' id='word_1_226' title='bbox 536 1524 749 1579; x_wconf 76' lang='lat' dir='ltr'>contendebant</span> <span class='ocrx_word' id='word_1_227' title='bbox 764 1522 877 1578; x_wconf 85' lang='lat' dir='ltr'>adloca</span> <span class='ocrx_word' id='word_1_228' title='bbox 966 1528 1028 1582; x_wconf 80' lang='lat' dir='ltr'>are.</span> <span class='ocrx_word' id='word_1_229' title='bbox 1050 1528 1194 1583; x_wconf 79' lang='lat' dir='ltr'>Brutorum</span> <span class='ocrx_word' id='word_1_230' title='bbox 1219 1534 1381 1597; x_wconf 75' lang='lat' dir='ltr'>martyrum,</span> <span class='ocrx_word' id='word_1_231' title='bbox 1405 1530 1459 1583; x_wconf 89' lang='lat' dir='ltr'>etc.</span> <span class='ocrx_word' id='word_1_232' title='bbox 1479 1529 1509 1582; x_wconf 92' lang='lat' dir='ltr'>tn</span> <span class='ocrx_word' id='word_1_233' title='bbox 1534 1527 1685 1584; x_wconf 89' lang='lat' dir='ltr'>Codicibus</span> <span class='ocrx_word' id='word_1_234' title='bbox 1706 1530 1760 1584; x_wconf 84' lang='lat' dir='ltr'>tto·</span> 
     </span>
     <span class='ocr_line' id='line_1_19' title="bbox 71 1590 1758 1672; baseline 0.006 -27"><span class='ocrx_word' id='word_1_235' title='bbox 71 1590 141 1672; x_wconf 63' lang='lat'>415</span> <span class='ocrx_word' id='word_1_236' title='bbox 156 1591 199 1646; x_wconf 89' lang='lat' dir='ltr'>ubi</span> <span class='ocrx_word' id='word_1_237' title='bbox 214 1597 374 1648; x_wconf 79' lang='lat' dir='ltr'>conventus</span> <span class='ocrx_word' id='word_1_238' title='bbox 390 1596 525 1666; x_wconf 82' lang='lat' dir='ltr'>agebant,</span> <span class='ocrx_word' id='word_1_239' title='bbox 540 1598 571 1650; x_wconf 92' lang='lat' dir='ltr'>ut</span> <span class='ocrx_word' id='word_1_240' title='bbox 585 1596 675 1651; x_wconf 84' lang='lat' dir='ltr'>refert</span> <span class='ocrx_word' id='word_1_241' title='bbox 689 1595 875 1659; x_wconf 86' lang='lat' dir='ltr'>Sozomeuus,</span> <span class='ocrx_word' id='word_1_242' title='bbox 931 1598 1014 1653; x_wconf 92' lang='lat' dir='ltr'>dradi</span> <span class='ocrx_word' id='word_1_243' title='bbox 1031 1602 1058 1653; x_wconf 89' lang='lat' dir='ltr'>et</span> <span class='ocrx_word' id='word_1_244' title='bbox 1073 1599 1185 1654; x_wconf 88' lang='lat' dir='ltr'>Ratoldi</span> <span class='ocrx_word' id='word_1_245' title='bbox 1200 1616 1206 1653; x_wconf 93' lang='grc'>;</span> <span class='ocrx_word' id='word_1_246' title='bbox 1220 1598 1439 1669; x_wconf 75' lang='lat' dir='ltr'>cInfirmitatem</span> <span class='ocrx_word' id='word_1_247' title='bbox 1447 1606 1577 1663; x_wconf 87' lang='lat' dir='ltr'>nostram,</span> <span class='ocrx_word' id='word_1_248' title='bbox 1594 1614 1758 1670; x_wconf 73' lang='lat' dir='ltr'>quesumus,</span> 
     </span>
     <span class='ocr_line' id='line_1_20' title="bbox 69 1661 1759 1744; baseline 0.006 -27"><span class='ocrx_word' id='word_1_249' title='bbox 69 1661 106 1719; x_wconf 88' lang='lat' dir='ltr'>lrb.</span> <span class='ocrx_word' id='word_1_250' title='bbox 118 1680 151 1723; x_wconf 86' lang='grc' dir='ltr'>ιι.</span> <span class='ocrx_word' id='word_1_251' title='bbox 166 1663 252 1727; x_wconf 79' lang='grc' dir='ltr'><strong>Ηιει.,</strong></span> <span class='ocrx_word' id='word_1_252' title='bbox 264 1680 328 1734; x_wconf 89' lang='lat' dir='ltr'>cap.</span> <span class='ocrx_word' id='word_1_253' title='bbox 344 1666 374 1721; x_wconf 86' lang='lat'>8.</span> <span class='ocrx_word' id='word_1_254' title='bbox 932 1670 1055 1733; x_wconf 87' lang='lat' dir='ltr'>Domine,</span> <span class='ocrx_word' id='word_1_255' title='bbox 1068 1670 1206 1741; x_wconf 65' lang='lat' dir='ltr'>proprietas</span> <span class='ocrx_word' id='word_1_256' title='bbox 1227 1670 1338 1744; x_wconf 79' lang='lat' dir='ltr'>respice,</span> <span class='ocrx_word' id='word_1_257' title='bbox 1361 1677 1387 1725; x_wconf 93' lang='lat' dir='ltr'>et</span> <span class='ocrx_word' id='word_1_258' title='bbox 1410 1669 1482 1724; x_wconf 85' lang='lat' dir='ltr'>nicta</span> <span class='ocrx_word' id='word_1_259' title='bbox 1496 1671 1587 1725; x_wconf 91' lang='lat' dir='ltr'>omnia</span> <span class='ocrx_word' id='word_1_260' title='bbox 1605 1687 1669 1742; x_wconf 74' lang='lat' dir='ltr'>qua</span> <span class='ocrx_word' id='word_1_261' title='bbox 1685 1671 1759 1741; x_wconf 79' lang='lat' dir='ltr'>juste</span> 
     </span>
     <span class='ocr_line' id='line_1_21' title="bbox 96 1734 1756 1797; baseline 0.005 -8"><span class='ocrx_word' id='word_1_262' title='bbox 96 1734 249 1789; x_wconf 77' lang='lat' dir='ltr'>Notandum</span> <span class='ocrx_word' id='word_1_263' title='bbox 265 1741 363 1790; x_wconf 90' lang='lat' dir='ltr'>tamen</span> <span class='ocrx_word' id='word_1_264' title='bbox 379 1753 395 1790; x_wconf 95' lang='lat' dir='ltr'>a</span> <span class='ocrx_word' id='word_1_265' title='bbox 409 1740 508 1791; x_wconf 91' lang='lat' dir='ltr'>sancto</span> <span class='ocrx_word' id='word_1_266' title='bbox 521 1737 614 1795; x_wconf 78' lang='lat' dir='ltr'>Avito.</span> <span class='ocrx_word' id='word_1_267' title='bbox 628 1753 762 1792; x_wconf 87' lang='lat' dir='ltr'>sermone</span> <span class='ocrx_word' id='word_1_268' title='bbox 774 1736 807 1792; x_wconf 91' lang='lat' dir='ltr'>de</span> <span class='ocrx_word' id='word_1_269' title='bbox 821 1738 876 1791; x_wconf 87' lang='lat' dir='ltr'>Ho-</span> <span class='ocrx_word' id='word_1_270' title='bbox 930 1758 1067 1797; x_wconf 84' lang='lat' dir='ltr'>merernur</span> <span class='ocrx_word' id='word_1_271' title='bbox 1079 1749 1236 1797; x_wconf 87' lang='lat' dir='ltr'>sanctorum</span> <span class='ocrx_word' id='word_1_272' title='bbox 1249 1749 1358 1796; x_wconf 87' lang='lat' dir='ltr'>tuorum</span> <span class='ocrx_word' id='word_1_273' title='bbox 1372 1742 1560 1797; x_wconf 78' lang='lat' dir='ltr'>intercessione</span> <span class='ocrx_word' id='word_1_274' title='bbox 1575 1749 1676 1797; x_wconf 87' lang='lat' dir='ltr'>auerte.</span> <span class='ocrx_word' id='word_1_275' title='bbox 1693 1742 1756 1797; x_wconf 88' lang='lat' dir='ltr'>Per.</span> 
     </span>
     <span class='ocr_line' id='line_1_22' title="bbox 98 1804 1759 1910; baseline 0.008 -52"><span class='ocrx_word' id='word_1_276' title='bbox 98 1804 217 1869; x_wconf 90' lang='lat' dir='ltr'>tionibus,</span> <span class='ocrx_word' id='word_1_277' title='bbox 227 1805 430 1862; x_wconf 74' lang='lat' dir='ltr'>processiones</span> <span class='ocrx_word' id='word_1_278' title='bbox 441 1809 570 1877; x_wconf 85' lang='lat' dir='ltr'>usurpari</span> <span class='ocrx_word' id='word_1_279' title='bbox 583 1826 632 1878; x_wconf 90' lang='lat' dir='ltr'>pro</span> <span class='ocrx_word' id='word_1_280' title='bbox 643 1808 687 1864; x_wconf 85' lang='lat' dir='ltr'>his</span> <span class='ocrx_word' id='word_1_281' title='bbox 700 1808 876 1866; x_wconf 76' lang='lat' dir='ltr'>solemnibus</span> <span class='ocrx_word' id='word_1_282' title='bbox 893 1851 916 1910; x_wconf 78' lang='lat' dir='ltr'>B</span> <span class='ocrx_word' id='word_1_283' title='bbox 965 1813 1028 1869; x_wconf 77' lang='grc'><strong>480,</strong></span> <span class='ocrx_word' id='word_1_284' title='bbox 1053 1814 1190 1884; x_wconf 77' lang='lat' dir='ltr'>Tuamque</span> <span class='ocrx_word' id='word_1_285' title='bbox 1204 1812 1234 1867; x_wconf 89' lang='lat' dir='ltr'>in</span> <span class='ocrx_word' id='word_1_286' title='bbox 1244 1818 1397 1867; x_wconf 87' lang='lat' dir='ltr'>sanctarum</span> <span class='ocrx_word' id='word_1_287' title='bbox 1409 1820 1527 1877; x_wconf 82' lang='lat' dir='ltr'>tuorum,</span> <span class='ocrx_word' id='word_1_288' title='bbox 1542 1816 1597 1869; x_wconf 87' lang='lat' dir='ltr'>etc.</span> <span class='ocrx_word' id='word_1_289' title='bbox 1610 1815 1641 1868; x_wconf 93' lang='lat' dir='ltr'>tn</span> <span class='ocrx_word' id='word_1_290' title='bbox 1657 1811 1759 1871; x_wconf 83' lang='lat' dir='ltr'>Codice</span> 
     </span>
     <span class='ocr_line' id='line_1_23' title="bbox 77 1876 1830 1955; baseline 0.006 -25"><span class='ocrx_word' id='word_1_291' title='bbox 77 1876 266 1932; x_wconf 75' lang='lat' dir='ltr'>uacationibus</span> <span class='ocrx_word' id='word_1_292' title='bbox 281 1883 311 1932; x_wconf 91' lang='grc' dir='ltr'>ει</span> <span class='ocrx_word' id='word_1_293' title='bbox 322 1877 586 1948; x_wconf 78' lang='grc' dir='ltr'><strong>ειιρριὶεειιοιιιοιιε.</strong></span> <span class='ocrx_word' id='word_1_294' title='bbox 932 1884 1045 1939; x_wconf 84' lang='lat' dir='ltr'>Ratoldi</span> <span class='ocrx_word' id='word_1_295' title='bbox 1067 1882 1141 1939; x_wconf 90' lang='lat' dir='ltr'>banc</span> <span class='ocrx_word' id='word_1_296' title='bbox 1170 1882 1371 1939; x_wconf 77' lang='lat' dir='ltr'>tralationem</span> <span class='ocrx_word' id='word_1_297' title='bbox 1399 1883 1502 1954; x_wconf 84' lang='lat' dir='ltr'>exeipit</span> <span class='ocrx_word' id='word_1_298' title='bbox 1522 1884 1612 1940; x_wconf 87' lang='lat' dir='ltr'>altera</span> <span class='ocrx_word' id='word_1_299' title='bbox 1644 1884 1760 1955; x_wconf 90' lang='lat' dir='ltr'>propria</span> <span class='ocrx_word' id='word_1_300' title='bbox 1826 1922 1830 1929; x_wconf 45' lang='grc' dir='ltr'><strong>ι</strong></span> 
     </span>
     <span class='ocr_line' id='line_1_24' title="bbox 94 1948 1757 2026; baseline 0.005 -25"><span class='ocrx_word' id='word_1_301' title='bbox 94 1948 146 2004; x_wconf 76' lang='lat' dir='ltr'>nt.</span> <span class='ocrx_word' id='word_1_302' title='bbox 164 1948 260 2002; x_wconf 78' lang='lat' dir='ltr'>Sancti</span> <span class='ocrx_word' id='word_1_303' title='bbox 274 1948 405 2004; x_wconf 86' lang='lat' dir='ltr'>Adriani.</span> <span class='ocrx_word' id='word_1_304' title='bbox 421 1950 462 2005; x_wconf 91' lang='lat' dir='ltr'>tta</span> <span class='ocrx_word' id='word_1_305' title='bbox 477 1949 505 2005; x_wconf 92' lang='lat' dir='ltr'>ic</span> <span class='ocrx_word' id='word_1_306' title='bbox 523 1949 618 2004; x_wconf 83' lang='lat' dir='ltr'>Editis.</span> <span class='ocrx_word' id='word_1_307' title='bbox 637 1952 692 2007; x_wconf 90' lang='lat' dir='ltr'>Sed</span> <span class='ocrx_word' id='word_1_308' title='bbox 709 1950 736 2005; x_wconf 93' lang='lat' dir='ltr'>in</span> <span class='ocrx_word' id='word_1_309' title='bbox 752 1949 877 2005; x_wconf 92' lang='lat' dir='ltr'>aliisCo·</span> <span class='ocrx_word' id='word_1_310' title='bbox 932 1954 1164 2026; x_wconf 78' lang='lat' dir='ltr'>sanctiCypriani</span> <span class='ocrx_word' id='word_1_311' title='bbox 1182 1955 1276 2010; x_wconf 82' lang='lat' dir='ltr'>:Beati</span> <span class='ocrx_word' id='word_1_312' title='bbox 1287 1954 1757 2025; x_wconf 72' lang='lat' dir='ltr'>Cypriacinatatitiarecensemes:</span> 
     </span>
     <span class='ocr_line' id='line_1_25' title="bbox 69 2018 1757 2097; baseline 0.004 -24"><span class='ocrx_word' id='word_1_313' title='bbox 69 2018 157 2075; x_wconf 75' lang='lat' dir='ltr'>ditibus</span> <span class='ocrx_word' id='word_1_314' title='bbox 179 2019 289 2074; x_wconf 84' lang='lat' dir='ltr'>nostris</span> <span class='ocrx_word' id='word_1_315' title='bbox 308 2036 378 2076; x_wconf 73' lang='lat' dir='ltr'>mss,</span> <span class='ocrx_word' id='word_1_316' title='bbox 404 2021 484 2076; x_wconf 90' lang='lat' dir='ltr'>nulla</span> <span class='ocrx_word' id='word_1_317' title='bbox 505 2021 551 2075; x_wconf 91' lang='lat' dir='ltr'>bic</span> <span class='ocrx_word' id='word_1_318' title='bbox 573 2022 665 2077; x_wconf 88' lang='lat' dir='ltr'>sancti</span> <span class='ocrx_word' id='word_1_319' title='bbox 683 2021 801 2077; x_wconf 82' lang='lat' dir='ltr'>noriam</span> <span class='ocrx_word' id='word_1_320' title='bbox 825 2037 877 2076; x_wconf 89' lang='lat' dir='ltr'>nac</span> <span class='ocrx_word' id='word_1_321' title='bbox 931 2034 962 2081; x_wconf 88' lang='lat' dir='ltr'>ut</span> <span class='ocrx_word' id='word_1_322' title='bbox 974 2027 1020 2097; x_wconf 85' lang='lat' dir='ltr'>qui</span> <span class='ocrx_word' id='word_1_323' title='bbox 1035 2027 1064 2080; x_wconf 87' lang='lat' dir='ltr'>in</span> <span class='ocrx_word' id='word_1_324' title='bbox 1079 2034 1272 2093; x_wconf 82' lang='lat' dir='ltr'>ronsneatntuc</span> <span class='ocrx_word' id='word_1_325' title='bbox 1286 2026 1380 2081; x_wconf 88' lang='lat' dir='ltr'>clarus</span> <span class='ocrx_word' id='word_1_326' title='bbox 1393 2027 1499 2080; x_wconf 78' lang='lat' dir='ltr'>asstitit</span> <span class='ocrx_word' id='word_1_327' title='bbox 1514 2026 1651 2095; x_wconf 75' lang='lat' dir='ltr'>diqnitate</span> <span class='ocrx_word' id='word_1_328' title='bbox 1669 2042 1757 2081; x_wconf 84' lang='lat' dir='ltr'>sacer·</span> 
     </span>
     <span class='ocr_line' id='line_1_26' title="bbox 69 2090 1758 2169; baseline 0.004 -25"><span class='ocrx_word' id='word_1_329' title='bbox 69 2091 187 2145; x_wconf 83' lang='lat' dir='ltr'>tissanec</span> <span class='ocrx_word' id='word_1_330' title='bbox 202 2090 343 2145; x_wconf 71' lang='lat' dir='ltr'>mentior</span> <span class='ocrx_word' id='word_1_331' title='bbox 358 2096 410 2147; x_wconf 88' lang='lat' dir='ltr'>est.</span> <span class='ocrx_word' id='word_1_332' title='bbox 427 2094 515 2148; x_wconf 90' lang='lat' dir='ltr'>Porro</span> <span class='ocrx_word' id='word_1_333' title='bbox 534 2093 562 2147; x_wconf 91' lang='lat' dir='ltr'>ic</span> <span class='ocrx_word' id='word_1_334' title='bbox 585 2093 673 2148; x_wconf 87' lang='lat' dir='ltr'>Editis</span> <span class='ocrx_word' id='word_1_335' title='bbox 688 2093 759 2148; x_wconf 90' lang='lat' dir='ltr'>etin</span> <span class='ocrx_word' id='word_1_336' title='bbox 774 2092 877 2149; x_wconf 88' lang='lat' dir='ltr'>Codice</span> <span class='ocrx_word' id='word_1_337' title='bbox 932 2097 1010 2163; x_wconf 89' lang='lat' dir='ltr'>datii,</span> <span class='ocrx_word' id='word_1_338' title='bbox 1025 2103 1049 2151; x_wconf 90' lang='lat' dir='ltr'>et</span> <span class='ocrx_word' id='word_1_339' title='bbox 1061 2098 1152 2167; x_wconf 79' lang='lat' dir='ltr'>palma</span> <span class='ocrx_word' id='word_1_340' title='bbox 1166 2097 1308 2169; x_wconf 76' lang='lat' dir='ltr'>martyrii,</span> <span class='ocrx_word' id='word_1_341' title='bbox 1321 2105 1346 2152; x_wconf 89' lang='lat' dir='ltr'>et</span> <span class='ocrx_word' id='word_1_342' title='bbox 1358 2097 1529 2168; x_wconf 72' lang='lat' dir='ltr'>inpraesenti</span> <span class='ocrx_word' id='word_1_343' title='bbox 1542 2098 1700 2153; x_wconf 72' lang='lat' dir='ltr'>siccatosua</span> <span class='ocrx_word' id='word_1_344' title='bbox 1711 2113 1758 2152; x_wconf 89' lang='lat' dir='ltr'>nos</span> 
     </span>
     <span class='ocr_line' id='line_1_27' title="bbox 69 2161 1759 2240; baseline 0.005 -26"><span class='ocrx_word' id='word_1_345' title='bbox 69 2161 159 2216; x_wconf 80' lang='lat' dir='ltr'>tetoldi</span> <span class='ocrx_word' id='word_1_346' title='bbox 174 2161 302 2217; x_wconf 87' lang='lat' dir='ltr'>habetur</span> <span class='ocrx_word' id='word_1_347' title='bbox 321 2163 417 2218; x_wconf 90' lang='lat' dir='ltr'>natale</span> <span class='ocrx_word' id='word_1_348' title='bbox 436 2163 527 2218; x_wconf 87' lang='lat' dir='ltr'>sancti</span> <span class='ocrx_word' id='word_1_349' title='bbox 549 2164 687 2228; x_wconf 74' lang='lat' dir='ltr'>Goraonii</span> <span class='ocrx_word' id='word_1_350' title='bbox 710 2163 876 2235; x_wconf 74' lang='lat' dir='ltr'>martyriae</span> <span class='ocrx_word' id='word_1_351' title='bbox 930 2169 1120 2224; x_wconf 79' lang='lat' dir='ltr'>intercessione</span> <span class='ocrx_word' id='word_1_352' title='bbox 1136 2170 1233 2239; x_wconf 66' lang='lat' dir='ltr'>[coeat</span> <span class='ocrx_word' id='word_1_353' title='bbox 1250 2175 1275 2222; x_wconf 85' lang='lat' dir='ltr'>et</span> <span class='ocrx_word' id='word_1_354' title='bbox 1289 2168 1325 2223; x_wconf 90' lang='lat' dir='ltr'>ad</span> <span class='ocrx_word' id='word_1_355' title='bbox 1338 2168 1554 2223; x_wconf 88' lang='lat' dir='ltr'>misericordiam</span> <span class='ocrx_word' id='word_1_356' title='bbox 1567 2169 1759 2240; x_wconf 84' lang='lat' dir='ltr'>sempiternam</span> 
     </span>
     <span class='ocr_line' id='line_1_28' title="bbox 67 2233 1561 2310; baseline 0.006 -23"><span class='ocrx_word' id='word_1_357' title='bbox 67 2233 116 2287; x_wconf 88' lang='lat' dir='ltr'>ldus</span> <span class='ocrx_word' id='word_1_358' title='bbox 127 2233 312 2302; x_wconf 81' lang='lat' dir='ltr'>Septembris,</span> <span class='ocrx_word' id='word_1_359' title='bbox 327 2236 404 2305; x_wconf 90' lang='lat' dir='ltr'>quod</span> <span class='ocrx_word' id='word_1_360' title='bbox 419 2236 501 2291; x_wconf 85' lang='lat' dir='ltr'>abest</span> <span class='ocrx_word' id='word_1_361' title='bbox 521 2252 538 2290; x_wconf 90' lang='lat' dir='ltr'>a</span> <span class='ocrx_word' id='word_1_362' title='bbox 553 2235 702 2292; x_wconf 85' lang='lat' dir='ltr'>Codicibus</span> <span class='ocrx_word' id='word_1_363' title='bbox 717 2235 808 2291; x_wconf 89' lang='lat' dir='ltr'>sancti</span> <span class='ocrx_word' id='word_1_364' title='bbox 822 2235 877 2290; x_wconf 88' lang='lat' dir='ltr'>Eli·</span> <span class='ocrx_word' id='word_1_365' title='bbox 932 2241 994 2310; x_wconf 85' lang='lat' dir='ltr'>pius</span> <span class='ocrx_word' id='word_1_366' title='bbox 1008 2240 1176 2295; x_wconf 71' lang='lat' dir='ltr'>interventor</span> <span class='ocrx_word' id='word_1_367' title='bbox 1189 2238 1327 2308; x_wconf 84' lang='lat' dir='ltr'>perducat.</span> <span class='ocrx_word' id='word_1_368' title='bbox 1341 2241 1395 2294; x_wconf 85' lang='lat' dir='ltr'>Per</span> <span class='ocrx_word' id='word_1_369' title='bbox 1410 2240 1561 2296; x_wconf 86' lang='lat' dir='ltr'>Ctrr&#39;stum.</span> 
     </span>
     <span class='ocr_line' id='line_1_29' title="bbox 67 2303 1760 2382; baseline 0.004 -23"><span class='ocrx_word' id='word_1_370' title='bbox 67 2303 282 2374; x_wconf 78' lang='lat' dir='ltr'>giietttodradi.</span> <span class='ocrx_word' id='word_1_371' title='bbox 966 2314 1003 2366; x_wconf 76' lang='lat' dir='ltr'>nt</span> <span class='ocrx_word' id='word_1_372' title='bbox 1029 2311 1057 2365; x_wconf 90' lang='lat' dir='ltr'>in</span> <span class='ocrx_word' id='word_1_373' title='bbox 1080 2310 1237 2381; x_wconf 85' lang='lat' dir='ltr'>appendice</span> <span class='ocrx_word' id='word_1_374' title='bbox 1261 2310 1385 2366; x_wconf 83' lang='lat' dir='ltr'>Rodradi</span> <span class='ocrx_word' id='word_1_375' title='bbox 1408 2314 1501 2366; x_wconf 79' lang='lat' dir='ltr'>exstat</span> <span class='ocrx_word' id='word_1_376' title='bbox 1528 2309 1613 2365; x_wconf 88' lang='lat' dir='ltr'>ttissa</span> <span class='ocrx_word' id='word_1_377' title='bbox 1663 2310 1760 2382; x_wconf 88' lang='lat' dir='ltr'>ropria</span> 
     </span>
     <span class='ocr_line' id='line_1_30' title="bbox 93 2326 1760 2452; baseline 0.003 -22"><span class='ocrx_word' id='word_1_378' title='bbox 93 2375 145 2430; x_wconf 84' lang='lat' dir='ltr'>ns.</span> <span class='ocrx_word' id='word_1_379' title='bbox 163 2375 245 2431; x_wconf 83' lang='lat' dir='ltr'>Beati</span> <span class='ocrx_word' id='word_1_380' title='bbox 259 2376 348 2438; x_wconf 84' lang='lat' dir='ltr'>Preti,</span> <span class='ocrx_word' id='word_1_381' title='bbox 364 2379 416 2430; x_wconf 89' lang='lat' dir='ltr'>etc.</span> <span class='ocrx_word' id='word_1_382' title='bbox 437 2376 481 2431; x_wconf 90' lang='lat' dir='ltr'>lla</span> <span class='ocrx_word' id='word_1_383' title='bbox 503 2376 531 2431; x_wconf 92' lang='lat' dir='ltr'>in</span> <span class='ocrx_word' id='word_1_384' title='bbox 552 2377 684 2432; x_wconf 88' lang='lat' dir='ltr'>omnibus</span> <span class='ocrx_word' id='word_1_385' title='bbox 704 2377 768 2433; x_wconf 87' lang='lat' dir='ltr'>aliis</span> <span class='ocrx_word' id='word_1_386' title='bbox 794 2376 878 2433; x_wconf 90' lang='lat' dir='ltr'>Codi·</span> <span class='ocrx_word' id='word_1_387' title='bbox 932 2382 1023 2437; x_wconf 90' lang='lat' dir='ltr'>sancti</span> <span class='ocrx_word' id='word_1_388' title='bbox 1037 2381 1170 2452; x_wconf 77' lang='lat' dir='ltr'>Cypriaci</span> <span class='ocrx_word' id='word_1_389' title='bbox 1183 2382 1212 2437; x_wconf 92' lang='lat' dir='ltr'>in</span> <span class='ocrx_word' id='word_1_390' title='bbox 1227 2381 1302 2437; x_wconf 92' lang='lat' dir='ltr'>hunc</span> <span class='ocrx_word' id='word_1_391' title='bbox 1314 2381 1453 2436; x_wconf 88' lang='lat' dir='ltr'>modum:</span> <span class='ocrx_word' id='word_1_392' title='bbox 1468 2381 1566 2436; x_wconf 88' lang='lat' dir='ltr'>Oratio</span> <span class='ocrx_word' id='word_1_393' title='bbox 1583 2398 1590 2437; x_wconf 74' lang='grc' dir='ltr'><strong>ε</strong></span> <span class='ocrx_word' id='word_1_394' title='bbox 1605 2326 1760 2436; x_wconf 71' lang='lat' dir='ltr'>Saiirtarern</span> 
     </span>
     <span class='ocr_line' id='line_1_31' title="bbox 66 2446 1760 2524; baseline 0.003 -22"><span class='ocrx_word' id='word_1_395' title='bbox 66 2446 127 2503; x_wconf 83' lang='lat' dir='ltr'>cibus</span> <span class='ocrx_word' id='word_1_396' title='bbox 139 2447 241 2502; x_wconf 89' lang='lat' dir='ltr'>nostris</span> <span class='ocrx_word' id='word_1_397' title='bbox 263 2463 331 2502; x_wconf 89' lang='lat' dir='ltr'>mss.</span> <span class='ocrx_word' id='word_1_398' title='bbox 349 2448 437 2518; x_wconf 85' lang='lat' dir='ltr'>Vulgo</span> <span class='ocrx_word' id='word_1_399' title='bbox 450 2448 596 2504; x_wconf 84' lang='lat' dir='ltr'>Brutorum</span> <span class='ocrx_word' id='word_1_400' title='bbox 610 2450 698 2513; x_wconf 86' lang='lat' dir='ltr'>Preti,</span> <span class='ocrx_word' id='word_1_401' title='bbox 715 2453 767 2504; x_wconf 86' lang='lat' dir='ltr'>etc.</span> <span class='ocrx_word' id='word_1_402' title='bbox 931 2453 1006 2508; x_wconf 87' lang='lat' dir='ltr'>notis</span> <span class='ocrx_word' id='word_1_403' title='bbox 1024 2454 1111 2508; x_wconf 85' lang='lat' dir='ltr'>edidit</span> <span class='ocrx_word' id='word_1_404' title='bbox 1133 2453 1266 2509; x_wconf 83' lang='lat' dir='ltr'>ttodierna</span> <span class='ocrx_word' id='word_1_405' title='bbox 1284 2452 1421 2524; x_wconf 74' lang='lat' dir='ltr'>festivitas</span> <span class='ocrx_word' id='word_1_406' title='bbox 1442 2452 1512 2507; x_wconf 85' lang='lat' dir='ltr'>tecti</span> <span class='ocrx_word' id='word_1_407' title='bbox 1528 2452 1660 2523; x_wconf 76' lang='lat' dir='ltr'>Cypriani</span> <span class='ocrx_word' id='word_1_408' title='bbox 1672 2469 1760 2507; x_wconf 87' lang='lat' dir='ltr'>sacer·</span> 
     </span>
     <span class='ocr_line' id='line_1_32' title="bbox 92 2518 1758 2595; baseline 0.004 -23"><span class='ocrx_word' id='word_1_409' title='bbox 92 2519 143 2573; x_wconf 81' lang='lat' dir='ltr'>nr.</span> <span class='ocrx_word' id='word_1_410' title='bbox 162 2518 313 2573; x_wconf 76' lang='lat' dir='ltr'>Enattatio</span> <span class='ocrx_word' id='word_1_411' title='bbox 339 2527 440 2575; x_wconf 76' lang='lat' dir='ltr'>sanata</span> <span class='ocrx_word' id='word_1_412' title='bbox 470 2519 581 2577; x_wconf 84' lang='lat' dir='ltr'>Crucis.</span> <span class='ocrx_word' id='word_1_413' title='bbox 610 2520 651 2575; x_wconf 92' lang='lat' dir='ltr'>tta</span> <span class='ocrx_word' id='word_1_414' title='bbox 674 2520 834 2591; x_wconf 89' lang='lat' dir='ltr'>appellatur</span> <span class='ocrx_word' id='word_1_415' title='bbox 859 2535 877 2575; x_wconf 87' lang='lat' dir='ltr'>a</span> <span class='ocrx_word' id='word_1_416' title='bbox 931 2524 1039 2582; x_wconf 75' lang='lat' dir='ltr'>detinet</span> <span class='ocrx_word' id='word_1_417' title='bbox 1055 2526 1293 2595; x_wconf 78' lang='lat' dir='ltr'>martyrisiutua,</span> <span class='ocrx_word' id='word_1_418' title='bbox 1308 2523 1758 2588; x_wconf 79' lang='lat' dir='ltr'>Domine,uirtutetaetitiam,etc.</span> 
     </span>
     <span class='ocr_line' id='line_1_33' title="bbox 67 2587 1757 2666; baseline 0.003 -22"><span class='ocrx_word' id='word_1_419' title='bbox 67 2587 151 2645; x_wconf 80' lang='lat' dir='ltr'>Craris</span> <span class='ocrx_word' id='word_1_420' title='bbox 163 2590 283 2662; x_wconf 67' lang='grc' dir='ltr'>ῦψωτις,</span> <span class='ocrx_word' id='word_1_421' title='bbox 301 2589 330 2644; x_wconf 80' lang='grc' dir='ltr'>ιιι</span> <span class='ocrx_word' id='word_1_422' title='bbox 345 2595 397 2653; x_wconf 84' lang='grc' dir='ltr'><strong>εει,</strong></span> <span class='ocrx_word' id='word_1_423' title='bbox 411 2589 558 2656; x_wconf 82' lang='grc' dir='ltr'><strong>ειειιειιο,</strong></span> <span class='ocrx_word' id='word_1_424' title='bbox 569 2596 599 2645; x_wconf 96' lang='lat' dir='ltr'>ut</span> <span class='ocrx_word' id='word_1_425' title='bbox 612 2591 708 2661; x_wconf 88' lang='lat' dir='ltr'>palam</span> <span class='ocrx_word' id='word_1_426' title='bbox 722 2596 765 2647; x_wconf 87' lang='lat' dir='ltr'>est</span> <span class='ocrx_word' id='word_1_427' title='bbox 779 2608 813 2646; x_wconf 82' lang='lat' dir='ltr'>ex</span> <span class='ocrx_word' id='word_1_428' title='bbox 824 2599 878 2647; x_wconf 76' lang='lat' dir='ltr'>nc·</span> <span class='ocrx_word' id='word_1_429' title='bbox 932 2598 1047 2652; x_wconf 86' lang='lat' dir='ltr'>Secreta</span> <span class='ocrx_word' id='word_1_430' title='bbox 1063 2614 1070 2653; x_wconf 93' lang='lat'>:</span> <span class='ocrx_word' id='word_1_431' title='bbox 1097 2595 1267 2666; x_wconf 69' lang='lat' dir='ltr'>Sacrificium</span> <span class='ocrx_word' id='word_1_432' title='bbox 1292 2602 1424 2660; x_wconf 87' lang='lat' dir='ltr'>nostram,</span> <span class='ocrx_word' id='word_1_433' title='bbox 1449 2594 1571 2659; x_wconf 84' lang='lat' dir='ltr'>Domine,</span> <span class='ocrx_word' id='word_1_434' title='bbox 1595 2610 1757 2666; x_wconf 73' lang='lat' dir='ltr'>arcessimus,</span> 
     </span>
     <span class='ocr_line' id='line_1_34' title="bbox 66 2661 1756 2738; baseline 0.008 -27"><span class='ocrx_word' id='word_1_435' title='bbox 66 2661 331 2716; x_wconf 79' lang='lat' dir='ltr'>rellatimmanuelis</span> <span class='ocrx_word' id='word_1_436' title='bbox 344 2661 492 2717; x_wconf 91' lang='lat' dir='ltr'>Commeni</span> <span class='ocrx_word' id='word_1_437' title='bbox 504 2661 695 2732; x_wconf 82' lang='lat' dir='ltr'>imperatoris.</span> <span class='ocrx_word' id='word_1_438' title='bbox 707 2662 877 2733; x_wconf 87' lang='lat' dir='ltr'>apndTheo·</span> <span class='ocrx_word' id='word_1_439' title='bbox 932 2684 991 2738; x_wconf 75' lang='lat' dir='ltr'>apsa</span> <span class='ocrx_word' id='word_1_440' title='bbox 1002 2666 1054 2721; x_wconf 86' lang='lat' dir='ltr'>titi</span> <span class='ocrx_word' id='word_1_441' title='bbox 1064 2666 1103 2720; x_wconf 85' lang='lat' dir='ltr'>sit</span> <span class='ocrx_word' id='word_1_442' title='bbox 1129 2669 1232 2721; x_wconf 85' lang='lat' dir='ltr'>actions</span> <span class='ocrx_word' id='word_1_443' title='bbox 1248 2665 1390 2737; x_wconf 82' lang='lat' dir='ltr'>placabile.</span> <span class='ocrx_word' id='word_1_444' title='bbox 1413 2667 1480 2722; x_wconf 84' lang='lat' dir='ltr'>Post</span> <span class='ocrx_word' id='word_1_445' title='bbox 1497 2665 1731 2723; x_wconf 87' lang='lat' dir='ltr'>communionem</span> <span class='ocrx_word' id='word_1_446' title='bbox 1749 2684 1756 2725; x_wconf 93' lang='lat'>:</span> 
     </span>
     <span class='ocr_line' id='line_1_35' title="bbox 67 2732 1759 2809; baseline 0.005 -23"><span class='ocrx_word' id='word_1_447' title='bbox 67 2732 148 2787; x_wconf 89' lang='lat' dir='ltr'>dorum</span> <span class='ocrx_word' id='word_1_448' title='bbox 161 2732 876 2800; x_wconf 80' lang='lat' dir='ltr'>Balsamonem,inPbotiiNomocanoncm,tit.&#39;t,</span> <span class='ocrx_word' id='word_1_449' title='bbox 931 2739 1043 2805; x_wconf 88' lang='lat' dir='ltr'>Satiati,</span> <span class='ocrx_word' id='word_1_450' title='bbox 1069 2737 1193 2802; x_wconf 82' lang='lat' dir='ltr'>Domine,</span> <span class='ocrx_word' id='word_1_451' title='bbox 1211 2738 1369 2793; x_wconf 86' lang='lat' dir='ltr'>muneribus</span> <span class='ocrx_word' id='word_1_452' title='bbox 1391 2738 1578 2803; x_wconf 71' lang='lat' dir='ltr'>sacristam</span> <span class='ocrx_word' id='word_1_453' title='bbox 1600 2736 1759 2809; x_wconf 69' lang='lat' dir='ltr'>natuque·</span> 
     </span>
     <span class='ocr_line' id='line_1_36' title="bbox 66 2803 1380 2880; baseline 0.008 -26"><span class='ocrx_word' id='word_1_454' title='bbox 66 2819 113 2874; x_wconf 80' lang='lat' dir='ltr'>cap.</span> <span class='ocrx_word' id='word_1_455' title='bbox 126 2810 148 2869; x_wconf 84' lang='grc' dir='ltr'><strong>ι,</strong></span> <span class='ocrx_word' id='word_1_456' title='bbox 160 2803 267 2875; x_wconf 56' lang='grc' dir='ltr'><strong>ὕφεσις</strong></span> <span class='ocrx_word' id='word_1_457' title='bbox 279 2811 328 2857; x_wconf 76' lang='grc' dir='ltr'>τοῦ</span> <span class='ocrx_word' id='word_1_458' title='bbox 340 2805 476 2878; x_wconf 57' lang='lat' dir='ltr'>&lt;conprimit</span> <span class='ocrx_word' id='word_1_459' title='bbox 491 2814 616 2880; x_wconf 70' lang='lat' dir='ltr'>asnapio,</span> <span class='ocrx_word' id='word_1_460' title='bbox 631 2805 659 2859; x_wconf 90' lang='lat' dir='ltr'>id</span> <span class='ocrx_word' id='word_1_461' title='bbox 672 2811 725 2874; x_wconf 87' lang='lat' dir='ltr'>est,</span> <span class='ocrx_word' id='word_1_462' title='bbox 741 2805 877 2861; x_wconf 81' lang='lat' dir='ltr'>exaltatio</span> <span class='ocrx_word' id='word_1_463' title='bbox 930 2826 1021 2865; x_wconf 87' lang='lat' dir='ltr'>sumus</span> <span class='ocrx_word' id='word_1_464' title='bbox 1034 2810 1123 2864; x_wconf 87' lang='lat' dir='ltr'>adesse</span> <span class='ocrx_word' id='word_1_465' title='bbox 1135 2809 1310 2879; x_wconf 78' lang='lat' dir='ltr'>praesidium,</span> <span class='ocrx_word' id='word_1_466' title='bbox 1326 2812 1380 2867; x_wconf 86' lang='lat' dir='ltr'>etc.</span> 
     </span>
     <span class='ocr_line' id='line_1_37' title="bbox 66 2875 1614 2947; baseline 0.005 -22"><span class='ocrx_word' id='word_1_467' title='bbox 66 2875 163 2931; x_wconf 80' lang='lat' dir='ltr'>siriticae</span> <span class='ocrx_word' id='word_1_468' title='bbox 186 2875 303 2940; x_wconf 88' lang='lat' dir='ltr'>crucis;</span> <span class='ocrx_word' id='word_1_469' title='bbox 317 2880 345 2930; x_wconf 90' lang='lat' dir='ltr'>et</span> <span class='ocrx_word' id='word_1_470' title='bbox 371 2877 446 2945; x_wconf 89' lang='lat' dir='ltr'>apud</span> <span class='ocrx_word' id='word_1_471' title='bbox 462 2876 609 2943; x_wconf 85' lang='lat' dir='ltr'>Codicum,</span> <span class='ocrx_word' id='word_1_472' title='bbox 635 2877 683 2931; x_wconf 86' lang='lat' dir='ltr'>lib.</span> <span class='ocrx_word' id='word_1_473' title='bbox 711 2877 747 2933; x_wconf 91' lang='lat' dir='ltr'>de</span> <span class='ocrx_word' id='word_1_474' title='bbox 775 2876 878 2931; x_wconf 87' lang='lat' dir='ltr'>otticiis</span> <span class='ocrx_word' id='word_1_475' title='bbox 968 2882 1029 2935; x_wconf 76' lang='lat' dir='ltr'>lul.</span> <span class='ocrx_word' id='word_1_476' title='bbox 1050 2880 1210 2947; x_wconf 81' lang='lat' dir='ltr'>Suscipiens.</span> <span class='ocrx_word' id='word_1_477' title='bbox 1230 2880 1324 2940; x_wconf 85' lang='lat' dir='ltr'>idest.</span> <span class='ocrx_word' id='word_1_478' title='bbox 1341 2879 1447 2943; x_wconf 88' lang='lat' dir='ltr'>colens,</span> <span class='ocrx_word' id='word_1_479' title='bbox 1463 2895 1614 2935; x_wconf 84' lang='lat' dir='ltr'>venerans.</span> 
     </span>
     <span class='ocr_line' id='line_1_38' title="bbox 67 2945 1759 3032; baseline 0.002 -32"><span class='ocrx_word' id='word_1_480' title='bbox 67 2945 326 3029; x_wconf 81' lang='lat' dir='ltr'>Constantinopolis,</span> <span class='ocrx_word' id='word_1_481' title='bbox 351 2946 454 3002; x_wconf 86' lang='lat' dir='ltr'>dicitur</span> <span class='ocrx_word' id='word_1_482' title='bbox 478 2955 504 3003; x_wconf 87' lang='grc' dir='ltr'>ει</span> <span class='ocrx_word' id='word_1_483' title='bbox 533 2951 732 3024; x_wconf 74' lang='grc' dir='ltr'><strong>σταυριφιὶνιια,</strong></span> <span class='ocrx_word' id='word_1_484' title='bbox 764 2947 793 3003; x_wconf 93' lang='lat' dir='ltr'>id</span> <span class='ocrx_word' id='word_1_485' title='bbox 823 2953 876 3013; x_wconf 90' lang='lat' dir='ltr'>est,</span> <span class='ocrx_word' id='word_1_486' title='bbox 966 2952 1029 3007; x_wconf 64' lang='lat'>482.</span> <span class='ocrx_word' id='word_1_487' title='bbox 1050 2951 1198 3022; x_wconf 80' lang='lat' dir='ltr'>Apostotiei</span> <span class='ocrx_word' id='word_1_488' title='bbox 1220 2951 1374 3007; x_wconf 84' lang='lat' dir='ltr'>reuerentia</span> <span class='ocrx_word' id='word_1_489' title='bbox 1399 2950 1525 3006; x_wconf 85' lang='lat' dir='ltr'>autminis</span> <span class='ocrx_word' id='word_1_490' title='bbox 1548 2950 1687 3020; x_wconf 69' lang='lat' dir='ltr'>offerentes</span> <span class='ocrx_word' id='word_1_491' title='bbox 1707 2949 1759 3032; x_wconf 78' lang='lat' dir='ltr'>titi</span> 
     </span>
     <span class='ocr_line' id='line_1_39' title="bbox 67 3017 1759 3093; baseline 0.002 -21"><span class='ocrx_word' id='word_1_492' title='bbox 67 3018 139 3072; x_wconf 84' lang='lat' dir='ltr'>crucis</span> <span class='ocrx_word' id='word_1_493' title='bbox 160 3017 377 3082; x_wconf 77' lang='lat' dir='ltr'>manifestatio,</span> <span class='ocrx_word' id='word_1_494' title='bbox 404 3024 434 3073; x_wconf 92' lang='lat' dir='ltr'>ut</span> <span class='ocrx_word' id='word_1_495' title='bbox 464 3017 574 3074; x_wconf 88' lang='lat' dir='ltr'>clarum</span> <span class='ocrx_word' id='word_1_496' title='bbox 614 3025 658 3074; x_wconf 88' lang='lat' dir='ltr'>est</span> <span class='ocrx_word' id='word_1_497' title='bbox 681 3036 713 3074; x_wconf 82' lang='lat' dir='ltr'>cx</span> <span class='ocrx_word' id='word_1_498' title='bbox 737 3019 877 3075; x_wconf 84' lang='lat' dir='ltr'>Clrrocico</span> <span class='ocrx_word' id='word_1_499' title='bbox 932 3024 1215 3093; x_wconf 69' lang='lat' dir='ltr'>inrumpendam</span> <span class='ocrx_word' id='word_1_500' title='bbox 1239 3022 1388 3077; x_wconf 90' lang='lat' dir='ltr'>Codicibus</span> <span class='ocrx_word' id='word_1_501' title='bbox 1412 3022 1567 3077; x_wconf 85' lang='lat' dir='ltr'>lihamensi</span> <span class='ocrx_word' id='word_1_502' title='bbox 1592 3023 1621 3075; x_wconf 88' lang='lat' dir='ltr'>et</span> <span class='ocrx_word' id='word_1_503' title='bbox 1644 3020 1759 3076; x_wconf 85' lang='lat' dir='ltr'>Ratotdr</span> 
     </span>
     <span class='ocr_line' id='line_1_40' title="bbox 68 3087 1759 3165; baseline 0.004 -23"><span class='ocrx_word' id='word_1_504' title='bbox 68 3087 240 3145; x_wconf 76' lang='lat' dir='ltr'>dmandrino</span> <span class='ocrx_word' id='word_1_505' title='bbox 255 3110 263 3149; x_wconf 89' lang='lat'>:</span> <span class='ocrx_word' id='word_1_506' title='bbox 278 3095 390 3149; x_wconf 74' lang='grc' dir='ltr'><strong>Τούτοις</strong></span> <span class='ocrx_word' id='word_1_507' title='bbox 404 3096 459 3152; x_wconf 78' lang='grc' dir='ltr'><strong>τοῖς</strong></span> <span class='ocrx_word' id='word_1_508' title='bbox 482 3092 590 3152; x_wconf 72' lang='grc' dir='ltr'><strong>ὑπάτοις</strong></span> <span class='ocrx_word' id='word_1_509' title='bbox 605 3096 694 3161; x_wconf 70' lang='lat' dir='ltr'>pepon</span> <span class='ocrx_word' id='word_1_510' title='bbox 713 3093 746 3142; x_wconf 76' lang='lat' dir='ltr'>ret</span> <span class='ocrx_word' id='word_1_511' title='bbox 760 3090 879 3162; x_wconf 70' lang='lat' dir='ltr'>ipsein«</span> <span class='ocrx_word' id='word_1_512' title='bbox 933 3094 1015 3149; x_wconf 88' lang='lat' dir='ltr'>aliter</span> <span class='ocrx_word' id='word_1_513' title='bbox 1029 3094 1133 3165; x_wconf 80' lang='lat' dir='ltr'>legitur</span> <span class='ocrx_word' id='word_1_514' title='bbox 1144 3111 1150 3148; x_wconf 76' lang='grc' dir='ltr'><strong>ε</strong></span> <span class='ocrx_word' id='word_1_515' title='bbox 1160 3094 1321 3165; x_wconf 66' lang='lat' dir='ltr'>spostolicae</span> <span class='ocrx_word' id='word_1_516' title='bbox 1335 3094 1496 3149; x_wconf 71' lang='lat' dir='ltr'>reuerentiae</span> <span class='ocrx_word' id='word_1_517' title='bbox 1507 3092 1759 3162; x_wconf 70' lang='lat' dir='ltr'>eutnunofferimus</span> 
     </span>
     <span class='ocr_line' id='line_1_41' title="bbox 68 3158 1759 3236; baseline -0.002 -14"><span class='ocrx_word' id='word_1_518' title='bbox 68 3158 258 3222; x_wconf 56' lang='lat' dir='ltr'>rit&#39;tutcaias</span> <span class='ocrx_word' id='word_1_519' title='bbox 272 3160 407 3232; x_wconf 73' lang='grc' dir='ltr'>τοῡὰγίον</span> <span class='ocrx_word' id='word_1_520' title='bbox 422 3159 878 3234; x_wconf 65' lang='lat' dir='ltr'>mansoariicadomensissine</span> <span class='ocrx_word' id='word_1_521' title='bbox 932 3166 1018 3221; x_wconf 85' lang='lat' dir='ltr'>sacris</span> <span class='ocrx_word' id='word_1_522' title='bbox 1041 3166 1177 3236; x_wconf 71' lang='lat' dir='ltr'>mysteriis</span> <span class='ocrx_word' id='word_1_523' title='bbox 1198 3165 1380 3228; x_wconf 84' lang='lat' dir='ltr'>imbuendum,</span> <span class='ocrx_word' id='word_1_524' title='bbox 1400 3172 1514 3235; x_wconf 69' lang='lat' dir='ltr'>praesta,</span> <span class='ocrx_word' id='word_1_525' title='bbox 1537 3164 1661 3227; x_wconf 85' lang='lat' dir='ltr'>Domine,</span> <span class='ocrx_word' id='word_1_526' title='bbox 1687 3179 1759 3234; x_wconf 68' lang='lat' dir='ltr'>qute-</span> 
     </span>
     <span class='ocr_line' id='line_1_42' title="bbox 68 3208 1759 3307; baseline 0.004 -24"><span class='ocrx_word' id='word_1_527' title='bbox 68 3236 244 3285; x_wconf 59' lang='lat' dir='ltr'>tmavarrteoo</span> <span class='ocrx_word' id='word_1_528' title='bbox 261 3231 453 3307; x_wconf 74' lang='grc' dir='ltr'><strong>ὶπὶιιιακαρίου</strong></span> <span class='ocrx_word' id='word_1_529' title='bbox 468 3231 625 3286; x_wconf 65' lang='lat' dir='ltr'>‘cernaris</span> <span class='ocrx_word' id='word_1_530' title='bbox 641 3232 879 3307; x_wconf 69' lang='grc' dir='ltr'><strong>μινίῑιπτιμὸρίῳ</strong></span> <span class='ocrx_word' id='word_1_531' title='bbox 897 3208 1032 3299; x_wconf 78' lang='lat' dir='ltr'>csranius,</span> <span class='ocrx_word' id='word_1_532' title='bbox 1047 3242 1099 3291; x_wconf 90' lang='lat' dir='ltr'>etc.</span> <span class='ocrx_word' id='word_1_533' title='bbox 1131 3236 1186 3292; x_wconf 82' lang='lat' dir='ltr'>Sed</span> <span class='ocrx_word' id='word_1_534' title='bbox 1211 3236 1343 3291; x_wconf 82' lang='lat' dir='ltr'>existimo</span> <span class='ocrx_word' id='word_1_535' title='bbox 1365 3235 1518 3291; x_wconf 88' lang='lat' dir='ltr'>lectionem</span> <span class='ocrx_word' id='word_1_536' title='bbox 1537 3234 1650 3289; x_wconf 87' lang='lat' dir='ltr'>Codicis</span> <span class='ocrx_word' id='word_1_537' title='bbox 1668 3234 1759 3290; x_wconf 90' lang='lat' dir='ltr'>nostri</span> 
     </span>
     <span class='ocr_line' id='line_1_43' title="bbox 68 3302 1760 3389; baseline 0.004 -36"><span class='ocrx_word' id='word_1_538' title='bbox 68 3302 100 3364; x_wconf 78' lang='grc' dir='ltr'>ιζ.</span> <span class='ocrx_word' id='word_1_539' title='bbox 111 3302 232 3357; x_wconf 66' lang='grc' dir='ltr'><strong>Ἐντεῦθεν</strong></span> <span class='ocrx_word' id='word_1_540' title='bbox 246 3304 375 3379; x_wconf 63' lang='lat' dir='ltr'>apiarii</span> <span class='ocrx_word' id='word_1_541' title='bbox 399 3306 597 3387; x_wconf 72' lang='lat' dir='ltr'>esacpopatsna.</span> <span class='ocrx_word' id='word_1_542' title='bbox 614 3307 645 3361; x_wconf 92' lang='lat' dir='ltr'>td</span> <span class='ocrx_word' id='word_1_543' title='bbox 671 3310 724 3369; x_wconf 89' lang='lat' dir='ltr'>est,</span> <span class='ocrx_word' id='word_1_544' title='bbox 747 3305 790 3360; x_wconf 89' lang='lat' dir='ltr'>his</span> <span class='ocrx_word' id='word_1_545' title='bbox 812 3320 878 3360; x_wconf 93' lang='lat' dir='ltr'>con·</span> <span class='ocrx_word' id='word_1_546' title='bbox 932 3307 1024 3364; x_wconf 91' lang='lat' dir='ltr'>sancti</span> <span class='ocrx_word' id='word_1_547' title='bbox 1041 3306 1131 3378; x_wconf 82' lang='lat' dir='ltr'>Eligit,</span> <span class='ocrx_word' id='word_1_548' title='bbox 1148 3322 1212 3389; x_wconf 78' lang='lat' dir='ltr'>qum</span> <span class='ocrx_word' id='word_1_549' title='bbox 1227 3324 1291 3362; x_wconf 86' lang='lat' dir='ltr'>curn</span> <span class='ocrx_word' id='word_1_550' title='bbox 1307 3306 1396 3361; x_wconf 82' lang='lat' dir='ltr'>unius</span> <span class='ocrx_word' id='word_1_551' title='bbox 1409 3306 1564 3376; x_wconf 88' lang='lat' dir='ltr'>conspirat,</span> <span class='ocrx_word' id='word_1_552' title='bbox 1581 3305 1665 3378; x_wconf 79' lang='lat' dir='ltr'>longe</span> <span class='ocrx_word' id='word_1_553' title='bbox 1687 3322 1760 3387; x_wconf 65' lang='lat' dir='ltr'>prsp-</span> 
     </span>
    </p>
   </div>
   <div class='ocr_carea' id='block_1_4' title="bbox 67 3373 1872 3453">
    <p class='ocr_par' dir='ltr' id='par_1_4' title="bbox 67 3373 1872 3453">
     <span class='ocr_line' id='line_1_44' title="bbox 67 3373 1872 3453; baseline 0.002 -25"><span class='ocrx_word' id='word_1_554' title='bbox 67 3373 155 3431; x_wconf 86' lang='lat' dir='ltr'>sctibus</span> <span class='ocrx_word' id='word_1_555' title='bbox 166 3375 338 3446; x_wconf 85' lang='lat' dir='ltr'>(Dalmatio,</span> <span class='ocrx_word' id='word_1_556' title='bbox 355 3379 383 3431; x_wconf 86' lang='lat' dir='ltr'>ct</span> <span class='ocrx_word' id='word_1_557' title='bbox 397 3374 495 3431; x_wconf 79' lang='lat' dir='ltr'>rtnicro</span> <span class='ocrx_word' id='word_1_558' title='bbox 511 3376 639 3447; x_wconf 81' lang='lat' dir='ltr'>Paulino)</span> <span class='ocrx_word' id='word_1_559' title='bbox 656 3375 731 3431; x_wconf 88' lang='lat' dir='ltr'>tacta</span> <span class='ocrx_word' id='word_1_560' title='bbox 752 3382 819 3432; x_wconf 88' lang='lat' dir='ltr'>sunt</span> <span class='ocrx_word' id='word_1_561' title='bbox 831 3392 879 3431; x_wconf 90' lang='lat' dir='ltr'>en·</span> <span class='ocrx_word' id='word_1_562' title='bbox 932 3385 1021 3434; x_wconf 85' lang='lat' dir='ltr'>stare.</span> <span class='ocrx_word' id='word_1_563' title='bbox 1044 3379 1075 3433; x_wconf 92' lang='lat' dir='ltr'>tn</span> <span class='ocrx_word' id='word_1_564' title='bbox 1092 3380 1194 3434; x_wconf 80' lang='lat' dir='ltr'>Codice</span> <span class='ocrx_word' id='word_1_565' title='bbox 1210 3377 1335 3433; x_wconf 86' lang='lat' dir='ltr'>Rodrndi</span> <span class='ocrx_word' id='word_1_566' title='bbox 1351 3378 1427 3433; x_wconf 89' lang='lat' dir='ltr'>aliud</span> <span class='ocrx_word' id='word_1_567' title='bbox 1446 3382 1489 3432; x_wconf 89' lang='lat' dir='ltr'>est</span> <span class='ocrx_word' id='word_1_568' title='bbox 1508 3377 1594 3449; x_wconf 90' lang='lat' dir='ltr'>hujus</span> <span class='ocrx_word' id='word_1_569' title='bbox 1615 3378 1759 3432; x_wconf 79' lang='lat' dir='ltr'>Orationis</span> <span class='ocrx_word' id='word_1_570' title='bbox 1860 3438 1872 3453; x_wconf 28' lang='grc' dir='ltr'>,ι</span> 
     </span>
    </p>
   </div>
   <div class='ocr_carea' id='block_1_5' title="bbox 66 3446 1764 5371">
    <p class='ocr_par' dir='ltr' id='par_1_5' title="bbox 66 3446 1761 4162">
     <span class='ocr_line' id='line_1_45' title="bbox 67 3446 1759 3520; baseline 0.002 -21"><span class='ocrx_word' id='word_1_571' title='bbox 67 3446 137 3501; x_wconf 74' lang='lat' dir='ltr'>sanie</span> <span class='ocrx_word' id='word_1_572' title='bbox 156 3448 285 3503; x_wconf 78' lang='lat' dir='ltr'>ecclesiae</span> <span class='ocrx_word' id='word_1_573' title='bbox 301 3450 408 3502; x_wconf 75' lang='lat' dir='ltr'>sanctie</span> <span class='ocrx_word' id='word_1_574' title='bbox 429 3447 521 3503; x_wconf 89' lang='lat' dir='ltr'>crucis</span> <span class='ocrx_word' id='word_1_575' title='bbox 540 3448 685 3502; x_wconf 75' lang='lat' dir='ltr'>aedificata</span> <span class='ocrx_word' id='word_1_576' title='bbox 710 3448 879 3502; x_wconf 90' lang='lat' dir='ltr'>aConstac-</span> <span class='ocrx_word' id='word_1_577' title='bbox 932 3450 1057 3514; x_wconf 86' lang='lat' dir='ltr'>initium,</span> <span class='ocrx_word' id='word_1_578' title='bbox 1075 3466 1198 3520; x_wconf 89' lang='lat' dir='ltr'>nempe:</span> <span class='ocrx_word' id='word_1_579' title='bbox 1226 3450 1343 3514; x_wconf 77' lang='lat' dir='ltr'>Prasia,</span> <span class='ocrx_word' id='word_1_580' title='bbox 1359 3464 1521 3520; x_wconf 70' lang='lat' dir='ltr'>quesumus,</span> <span class='ocrx_word' id='word_1_581' title='bbox 1541 3456 1572 3505; x_wconf 90' lang='lat' dir='ltr'>ut</span> <span class='ocrx_word' id='word_1_582' title='bbox 1595 3447 1666 3503; x_wconf 85' lang='lat' dir='ltr'>tecti</span> <span class='ocrx_word' id='word_1_583' title='bbox 1685 3448 1759 3505; x_wconf 83' lang='grc' dir='ltr'><strong>Μει-</strong></span> 
     </span>
     <span class='ocr_line' id='line_1_46' title="bbox 68 3514 1075 3590; baseline 0.006 -23"><span class='ocrx_word' id='word_1_584' title='bbox 68 3514 122 3575; x_wconf 84' lang='lat' dir='ltr'>tino.</span> <span class='ocrx_word' id='word_1_585' title='bbox 141 3519 191 3573; x_wconf 89' lang='lat' dir='ltr'>snb</span> <span class='ocrx_word' id='word_1_586' title='bbox 206 3518 337 3574; x_wconf 79' lang='lat' dir='ltr'>Macaria</span> <span class='ocrx_word' id='word_1_587' title='bbox 356 3517 500 3589; x_wconf 88' lang='lat' dir='ltr'>episcopo,</span> <span class='ocrx_word' id='word_1_588' title='bbox 525 3518 669 3590; x_wconf 88' lang='lat' dir='ltr'>Septemb.</span> <span class='ocrx_word' id='word_1_589' title='bbox 691 3520 734 3572; x_wconf 87' lang='lat' dir='ltr'>lt.</span> <span class='ocrx_word' id='word_1_590' title='bbox 751 3518 818 3573; x_wconf 90' lang='lat' dir='ltr'>tude</span> <span class='ocrx_word' id='word_1_591' title='bbox 837 3518 879 3574; x_wconf 92' lang='lat' dir='ltr'>in·</span> <span class='ocrx_word' id='word_1_592' title='bbox 932 3521 1009 3583; x_wconf 81' lang='lat' dir='ltr'>itai,</span> <span class='ocrx_word' id='word_1_593' title='bbox 1021 3525 1075 3576; x_wconf 91' lang='lat' dir='ltr'>etc.</span> 
     </span>
     <span class='ocr_line' id='line_1_47' title="bbox 66 3587 1756 3662; baseline 0.001 -19"><span class='ocrx_word' id='word_1_594' title='bbox 66 3587 247 3658; x_wconf 74' lang='lat' dir='ltr'>capittestum</span> <span class='ocrx_word' id='word_1_595' title='bbox 262 3587 510 3644; x_wconf 77' lang='lat' dir='ltr'>manifestationis</span> <span class='ocrx_word' id='word_1_596' title='bbox 518 3595 624 3645; x_wconf 81' lang='lat' dir='ltr'>sunctae</span> <span class='ocrx_word' id='word_1_597' title='bbox 636 3589 735 3644; x_wconf 88' lang='lat' dir='ltr'>crucis.</span> <span class='ocrx_word' id='word_1_598' title='bbox 747 3589 802 3644; x_wconf 89' lang='lat' dir='ltr'>Sed</span> <span class='ocrx_word' id='word_1_599' title='bbox 811 3594 879 3662; x_wconf 91' lang='lat' dir='ltr'>pulo</span> <span class='ocrx_word' id='word_1_600' title='bbox 966 3592 1029 3646; x_wconf 85' lang='lat' dir='ltr'>t83.</span> <span class='ocrx_word' id='word_1_601' title='bbox 1049 3591 1111 3646; x_wconf 80' lang='lat' dir='ltr'>Hic.</span> <span class='ocrx_word' id='word_1_602' title='bbox 1127 3589 1185 3645; x_wconf 88' lang='lat' dir='ltr'>Hoc</span> <span class='ocrx_word' id='word_1_603' title='bbox 1198 3589 1366 3646; x_wconf 80' lang='lat' dir='ltr'>vocabulum</span> <span class='ocrx_word' id='word_1_604' title='bbox 1379 3591 1459 3646; x_wconf 89' lang='lat' dir='ltr'>deest</span> <span class='ocrx_word' id='word_1_605' title='bbox 1470 3589 1498 3644; x_wconf 93' lang='lat' dir='ltr'>in</span> <span class='ocrx_word' id='word_1_606' title='bbox 1510 3589 1611 3645; x_wconf 88' lang='lat' dir='ltr'>Codice</span> <span class='ocrx_word' id='word_1_607' title='bbox 1622 3589 1756 3645; x_wconf 85' lang='lat' dir='ltr'>Rodradi.</span> 
     </span>
     <span class='ocr_line' id='line_1_48' title="bbox 66 3658 1758 3733; baseline 0.002 -22"><span class='ocrx_word' id='word_1_608' title='bbox 66 3673 173 3715; x_wconf 77' lang='lat' dir='ltr'>rnorem</span> <span class='ocrx_word' id='word_1_609' title='bbox 188 3677 253 3717; x_wconf 88' lang='lat' dir='ltr'>esse</span> <span class='ocrx_word' id='word_1_610' title='bbox 266 3660 296 3714; x_wconf 90' lang='lat' dir='ltr'>in</span> <span class='ocrx_word' id='word_1_611' title='bbox 318 3658 392 3715; x_wconf 85' lang='lat' dir='ltr'>nolis</span> <span class='ocrx_word' id='word_1_612' title='bbox 410 3660 607 3725; x_wconf 87' lang='lat' dir='ltr'>arithmeticis,</span> <span class='ocrx_word' id='word_1_613' title='bbox 625 3665 654 3716; x_wconf 91' lang='lat' dir='ltr'>et</span> <span class='ocrx_word' id='word_1_614' title='bbox 669 3660 820 3731; x_wconf 78' lang='lat' dir='ltr'>tegendum</span> <span class='ocrx_word' id='word_1_615' title='bbox 834 3659 876 3725; x_wconf 79' lang='lat' dir='ltr'>rt&#39;,</span> <span class='ocrx_word' id='word_1_616' title='bbox 967 3662 1029 3718; x_wconf 80' lang='lat' dir='ltr'>aar.</span> <span class='ocrx_word' id='word_1_617' title='bbox 1050 3662 1136 3733; x_wconf 74' lang='lat' dir='ltr'>Requi</span> <span class='ocrx_word' id='word_1_618' title='bbox 1155 3661 1286 3717; x_wconf 78' lang='lat' dir='ltr'>Calcatis.</span> <span class='ocrx_word' id='word_1_619' title='bbox 1299 3661 1330 3716; x_wconf 93' lang='lat' dir='ltr'>td</span> <span class='ocrx_word' id='word_1_620' title='bbox 1345 3666 1397 3724; x_wconf 90' lang='lat' dir='ltr'>est,</span> <span class='ocrx_word' id='word_1_621' title='bbox 1414 3660 1532 3716; x_wconf 87' lang='lat' dir='ltr'>honoris</span> <span class='ocrx_word' id='word_1_622' title='bbox 1546 3665 1575 3716; x_wconf 92' lang='grc' dir='ltr'>ει</span> <span class='ocrx_word' id='word_1_623' title='bbox 1589 3659 1682 3716; x_wconf 89' lang='lat' dir='ltr'>cultus</span> <span class='ocrx_word' id='word_1_624' title='bbox 1697 3659 1758 3727; x_wconf 84' lang='lat' dir='ltr'>Dei,</span> 
     </span>
     <span class='ocr_line' id='line_1_49' title="bbox 67 3726 1544 3815; baseline 0.001 -33"><span class='ocrx_word' id='word_1_625' title='bbox 67 3726 157 3799; x_wconf 87' lang='lat' dir='ltr'>idest,</span> <span class='ocrx_word' id='word_1_626' title='bbox 184 3733 228 3790; x_wconf 79' lang='lat' dir='ltr'>rt.</span> <span class='ocrx_word' id='word_1_627' title='bbox 256 3730 311 3789; x_wconf 90' lang='lat' dir='ltr'>Ubi</span> <span class='ocrx_word' id='word_1_628' title='bbox 338 3735 408 3786; x_wconf 88' lang='lat' dir='ltr'>nota</span> <span class='ocrx_word' id='word_1_629' title='bbox 430 3730 535 3787; x_wconf 86' lang='lat' dir='ltr'>testum</span> <span class='ocrx_word' id='word_1_630' title='bbox 563 3731 747 3787; x_wconf 79' lang='lat' dir='ltr'>exaltationis</span> <span class='ocrx_word' id='word_1_631' title='bbox 773 3736 878 3788; x_wconf 86' lang='lat' dir='ltr'>sanctae</span> <span class='ocrx_word' id='word_1_632' title='bbox 933 3751 982 3807; x_wconf 92' lang='lat' dir='ltr'>per</span> <span class='ocrx_word' id='word_1_633' title='bbox 998 3750 1083 3804; x_wconf 84' lang='lat' dir='ltr'>quem</span> <span class='ocrx_word' id='word_1_634' title='bbox 1097 3732 1417 3788; x_wconf 84' lang='lat' dir='ltr'>Deusicanimatideli</span> <span class='ocrx_word' id='word_1_635' title='bbox 1433 3736 1544 3815; x_wconf 73' lang='lat' dir='ltr'>regnat.</span> 
     </span>
     <span class='ocr_line' id='line_1_50' title="bbox 66 3802 1758 3930; baseline 0.001 -75"><span class='ocrx_word' id='word_1_636' title='bbox 66 3802 143 3858; x_wconf 86' lang='lat' dir='ltr'>Crucis</span> <span class='ocrx_word' id='word_1_637' title='bbox 166 3803 286 3859; x_wconf 89' lang='lat' dir='ltr'>initium</span> <span class='ocrx_word' id='word_1_638' title='bbox 316 3802 473 3872; x_wconf 86' lang='lat' dir='ltr'>sumpsisse</span> <span class='ocrx_word' id='word_1_639' title='bbox 500 3803 661 3873; x_wconf 82' lang='lat' dir='ltr'>imperante</span> <span class='ocrx_word' id='word_1_640' title='bbox 689 3804 878 3860; x_wconf 88' lang='lat' dir='ltr'>Constantino</span> <span class='ocrx_word' id='word_1_641' title='bbox 968 3805 1030 3861; x_wconf 79' lang='lat' dir='ltr'>t85.</span> <span class='ocrx_word' id='word_1_642' title='bbox 1060 3805 1178 3869; x_wconf 66' lang='lat' dir='ltr'>Praesta,</span> <span class='ocrx_word' id='word_1_643' title='bbox 1205 3819 1370 3930; x_wconf 72' lang='lat' dir='ltr'>pantanus,</span> <span class='ocrx_word' id='word_1_644' title='bbox 1403 3811 1567 3875; x_wconf 79' lang='lat' dir='ltr'>omnipotens</span> <span class='ocrx_word' id='word_1_645' title='bbox 1590 3802 1671 3867; x_wconf 86' lang='lat' dir='ltr'>Deus,</span> <span class='ocrx_word' id='word_1_646' title='bbox 1703 3803 1758 3856; x_wconf 85' lang='lat' dir='ltr'>etc.</span> 
     </span>
     <span class='ocr_line' id='line_1_51' title="bbox 66 3872 1758 3944; baseline 0.001 -18"><span class='ocrx_word' id='word_1_647' title='bbox 66 3872 226 3944; x_wconf 72' lang='lat' dir='ltr'>Magnopost</span> <span class='ocrx_word' id='word_1_648' title='bbox 247 3873 878 3939; x_wconf 79' lang='lat' dir='ltr'>itliusinvecticnem.Ouortetiamclarum</span> <span class='ocrx_word' id='word_1_649' title='bbox 934 3879 964 3932; x_wconf 94' lang='lat' dir='ltr'>tn</span> <span class='ocrx_word' id='word_1_650' title='bbox 979 3877 1047 3933; x_wconf 89' lang='lat' dir='ltr'>Cod.</span> <span class='ocrx_word' id='word_1_651' title='bbox 1063 3876 1189 3931; x_wconf 84' lang='lat' dir='ltr'>Rham:</span> <span class='ocrx_word' id='word_1_652' title='bbox 1225 3874 1395 3939; x_wconf 72' lang='lat' dir='ltr'>itttomine,</span> <span class='ocrx_word' id='word_1_653' title='bbox 1414 3874 1506 3930; x_wconf 85' lang='lat' dir='ltr'>beatus</span> <span class='ocrx_word' id='word_1_654' title='bbox 1519 3874 1758 3930; x_wconf 79' lang='lat' dir='ltr'>ttatttiaeuseoan·</span> 
     </span>
     <span class='ocr_line' id='line_1_52' title="bbox 66 3943 1761 4027; baseline 0.001 -31"><span class='ocrx_word' id='word_1_655' title='bbox 66 3947 98 3997; x_wconf 85' lang='lat' dir='ltr'>ast</span> <span class='ocrx_word' id='word_1_656' title='bbox 114 3960 143 3999; x_wconf 86' lang='grc' dir='ltr'>ει</span> <span class='ocrx_word' id='word_1_657' title='bbox 157 3944 325 4016; x_wconf 77' lang='lat' dir='ltr'>itecologio</span> <span class='ocrx_word' id='word_1_658' title='bbox 339 3944 503 4000; x_wconf 80' lang='lat' dir='ltr'>Graecorum</span> <span class='ocrx_word' id='word_1_659' title='bbox 528 3947 604 4017; x_wconf 90' lang='lat' dir='ltr'>apud</span> <span class='ocrx_word' id='word_1_660' title='bbox 628 3945 780 4001; x_wconf 90' lang='lat' dir='ltr'>Henricum</span> <span class='ocrx_word' id='word_1_661' title='bbox 797 3947 878 4001; x_wconf 77' lang='lat' dir='ltr'>Cani·</span> <span class='ocrx_word' id='word_1_662' title='bbox 932 3948 1029 4020; x_wconf 75' lang='lat' dir='ltr'>petisia</span> <span class='ocrx_word' id='word_1_663' title='bbox 1044 3954 1144 4003; x_wconf 76' lang='lat' dir='ltr'>cotirae</span> <span class='ocrx_word' id='word_1_664' title='bbox 1157 3946 1324 4018; x_wconf 76' lang='lat' dir='ltr'>srcpilitatis</span> <span class='ocrx_word' id='word_1_665' title='bbox 1337 3947 1458 4016; x_wconf 77' lang='lat' dir='ltr'>adiritor,</span> <span class='ocrx_word' id='word_1_666' title='bbox 1478 3950 1534 4027; x_wconf 70' lang='lat' dir='ltr'>etc.⁸</span> <span class='ocrx_word' id='word_1_667' title='bbox 1549 3947 1642 4010; x_wconf 81' lang='lat' dir='ltr'>Quam</span> <span class='ocrx_word' id='word_1_668' title='bbox 1657 3943 1761 4026; x_wconf 79' lang='lat' dir='ltr'>excipit</span> 
     </span>
     <span class='ocr_line' id='line_1_53' title="bbox 66 4015 1760 4089; baseline 0.002 -23"><span class='ocrx_word' id='word_1_669' title='bbox 66 4016 135 4079; x_wconf 80' lang='lat' dir='ltr'>num,</span> <span class='ocrx_word' id='word_1_670' title='bbox 153 4022 223 4072; x_wconf 89' lang='lat' dir='ltr'>tom.</span> <span class='ocrx_word' id='word_1_671' title='bbox 241 4034 259 4072; x_wconf 91' lang='lat' dir='ltr'>u</span> <span class='ocrx_word' id='word_1_672' title='bbox 278 4015 373 4087; x_wconf 81' lang='lat' dir='ltr'>antiq.</span> <span class='ocrx_word' id='word_1_673' title='bbox 387 4016 451 4072; x_wconf 91' lang='lat' dir='ltr'>lect.</span> <span class='ocrx_word' id='word_1_674' title='bbox 466 4033 473 4071; x_wconf 78' lang='grc' dir='ltr'><strong>ι</strong></span> <span class='ocrx_word' id='word_1_675' title='bbox 489 4017 636 4072; x_wconf 81' lang='lat' dir='ltr'>Enattatio</span> <span class='ocrx_word' id='word_1_676' title='bbox 647 4017 802 4087; x_wconf 74' lang='lat' dir='ltr'>pretiosiset</span> <span class='ocrx_word' id='word_1_677' title='bbox 811 4019 879 4072; x_wconf 89' lang='lat' dir='ltr'>uici·</span> <span class='ocrx_word' id='word_1_678' title='bbox 934 4018 1184 4083; x_wconf 75' lang='lat' dir='ltr'>altera1Praesta,</span> <span class='ocrx_word' id='word_1_679' title='bbox 1204 4033 1365 4089; x_wconf 73' lang='lat' dir='ltr'>cosmarus,</span> <span class='ocrx_word' id='word_1_680' title='bbox 1389 4020 1442 4073; x_wconf 90' lang='lat' dir='ltr'>etc.</span> <span class='ocrx_word' id='word_1_681' title='bbox 1465 4018 1503 4073; x_wconf 91' lang='lat' dir='ltr'>Ut</span> <span class='ocrx_word' id='word_1_682' title='bbox 1527 4032 1557 4072; x_wconf 93' lang='grc' dir='ltr'>ιιι</span> <span class='ocrx_word' id='word_1_683' title='bbox 1581 4017 1636 4072; x_wconf 87' lang='lat' dir='ltr'>hoc</span> <span class='ocrx_word' id='word_1_684' title='bbox 1658 4016 1760 4072; x_wconf 79' lang='lat' dir='ltr'>Codice</span> 
     </span>
     <span class='ocr_line' id='line_1_54' title="bbox 67 4084 1129 4162; baseline 0.002 -21"><span class='ocrx_word' id='word_1_685' title='bbox 67 4084 200 4151; x_wconf 68' lang='grc' dir='ltr'><strong>ῥειαιιείι</strong></span> <span class='ocrx_word' id='word_1_686' title='bbox 211 4089 263 4145; x_wconf 80' lang='lat' dir='ltr'>sati</span> <span class='ocrx_word' id='word_1_687' title='bbox 275 4089 445 4157; x_wconf 84' lang='lat' dir='ltr'>imperatore</span> <span class='ocrx_word' id='word_1_688' title='bbox 459 4088 635 4143; x_wconf 85' lang='lat' dir='ltr'>Constantino</span> <span class='ocrx_word' id='word_1_689' title='bbox 645 4090 754 4158; x_wconf 70' lang='lat' dir='ltr'>Manno.</span> <span class='ocrx_word' id='word_1_690' title='bbox 934 4092 1023 4147; x_wconf 90' lang='lat' dir='ltr'>sancti</span> <span class='ocrx_word' id='word_1_691' title='bbox 1038 4089 1129 4162; x_wconf 79' lang='lat' dir='ltr'>Eligit.</span> 
     </span>
    </p>

    <p class='ocr_par' dir='ltr' id='par_1_6' title="bbox 68 4157 1762 4382">
     <span class='ocr_line' id='line_1_55' title="bbox 93 4157 1761 4231; baseline 0 -19"><span class='ocrx_word' id='word_1_692' title='bbox 93 4158 145 4213; x_wconf 73' lang='lat' dir='ltr'>itt.</span> <span class='ocrx_word' id='word_1_693' title='bbox 166 4159 248 4229; x_wconf 79' lang='lat' dir='ltr'>Deus,</span> <span class='ocrx_word' id='word_1_694' title='bbox 263 4159 316 4231; x_wconf 80' lang='lat' dir='ltr'>qui</span> <span class='ocrx_word' id='word_1_695' title='bbox 333 4159 387 4214; x_wconf 87' lang='lat' dir='ltr'>Uni</span> <span class='ocrx_word' id='word_1_696' title='bbox 405 4159 608 4225; x_wconf 67' lang='lat' dir='ltr'>sanititatem.</span> <span class='ocrx_word' id='word_1_697' title='bbox 633 4160 664 4213; x_wconf 92' lang='lat' dir='ltr'>ln</span> <span class='ocrx_word' id='word_1_698' title='bbox 685 4159 787 4215; x_wconf 88' lang='lat' dir='ltr'>Codice</span> <span class='ocrx_word' id='word_1_699' title='bbox 808 4158 880 4215; x_wconf 85' lang='lat' dir='ltr'>Rhe·</span> <span class='ocrx_word' id='word_1_700' title='bbox 973 4164 1003 4219; x_wconf 91' lang='lat' dir='ltr'>tn</span> <span class='ocrx_word' id='word_1_701' title='bbox 1019 4162 1086 4218; x_wconf 88' lang='lat' dir='ltr'>Cod.</span> <span class='ocrx_word' id='word_1_702' title='bbox 1104 4159 1218 4215; x_wconf 87' lang='lat' dir='ltr'>Ratoldi</span> <span class='ocrx_word' id='word_1_703' title='bbox 1236 4159 1365 4230; x_wconf 85' lang='lat' dir='ltr'>sequitur</span> <span class='ocrx_word' id='word_1_704' title='bbox 1379 4176 1385 4215; x_wconf 78' lang='lat' dir='ltr'>z</span> <span class='ocrx_word' id='word_1_705' title='bbox 1400 4176 1417 4215; x_wconf 81' lang='lat' dir='ltr'>x</span> <span class='ocrx_word' id='word_1_706' title='bbox 1432 4158 1549 4214; x_wconf 83' lang='lat' dir='ltr'>Kalend.</span> <span class='ocrx_word' id='word_1_707' title='bbox 1567 4157 1669 4223; x_wconf 74' lang='lat' dir='ltr'>Octotr„</span> <span class='ocrx_word' id='word_1_708' title='bbox 1685 4157 1698 4199; x_wconf 75' lang='lat' dir='ltr'>d</span> <span class='ocrx_word' id='word_1_709' title='bbox 1713 4173 1761 4212; x_wconf 89' lang='lat' dir='ltr'>na-</span> 
     </span>
     <span class='ocr_line' id='line_1_56' title="bbox 68 4229 1758 4304; baseline 0.001 -23"><span class='ocrx_word' id='word_1_710' title='bbox 68 4229 152 4292; x_wconf 84' lang='lat' dir='ltr'>neasi.</span> <span class='ocrx_word' id='word_1_711' title='bbox 167 4231 249 4295; x_wconf 79' lang='lat' dir='ltr'>Deus,</span> <span class='ocrx_word' id='word_1_712' title='bbox 263 4230 317 4301; x_wconf 79' lang='lat' dir='ltr'>qui</span> <span class='ocrx_word' id='word_1_713' title='bbox 332 4246 380 4285; x_wconf 89' lang='lat' dir='ltr'>uos</span> <span class='ocrx_word' id='word_1_714' title='bbox 444 4231 523 4286; x_wconf 86' lang='lat' dir='ltr'>terna</span> <span class='ocrx_word' id='word_1_715' title='bbox 533 4232 577 4286; x_wconf 90' lang='lat' dir='ltr'>die</span> <span class='ocrx_word' id='word_1_716' title='bbox 587 4229 799 4299; x_wconf 60' lang='lat' dir='ltr'>caulinianse</span> <span class='ocrx_word' id='word_1_717' title='bbox 814 4235 879 4293; x_wconf 81' lang='lat' dir='ltr'>etc..</span> <span class='ocrx_word' id='word_1_718' title='bbox 935 4233 989 4288; x_wconf 90' lang='lat' dir='ltr'>tate</span> <span class='ocrx_word' id='word_1_719' title='bbox 1012 4240 1169 4287; x_wconf 89' lang='lat' dir='ltr'>sanctorum</span> <span class='ocrx_word' id='word_1_720' title='bbox 1196 4232 1268 4304; x_wconf 85' lang='lat' dir='ltr'>(lege</span> <span class='ocrx_word' id='word_1_721' title='bbox 1287 4231 1388 4297; x_wconf 84' lang='lat' dir='ltr'>sancti)</span> <span class='ocrx_word' id='word_1_722' title='bbox 1413 4230 1551 4287; x_wconf 85' lang='lat' dir='ltr'>ttauricii</span> <span class='ocrx_word' id='word_1_723' title='bbox 1580 4246 1641 4286; x_wconf 89' lang='lat' dir='ltr'>cum</span> <span class='ocrx_word' id='word_1_724' title='bbox 1668 4229 1758 4285; x_wconf 88' lang='lat' dir='ltr'>sociis.</span> 
     </span>
     <span class='ocr_line' id='line_1_57' title="bbox 69 4299 1762 4382; baseline 0.002 -32"><span class='ocrx_word' id='word_1_725' title='bbox 69 4299 126 4355; x_wconf 87' lang='lat' dir='ltr'>utin</span> <span class='ocrx_word' id='word_1_726' title='bbox 144 4302 248 4357; x_wconf 85' lang='lat' dir='ltr'>ttissali</span> <span class='ocrx_word' id='word_1_727' title='bbox 277 4305 419 4357; x_wconf 82' lang='lat' dir='ltr'>Romano.</span> <span class='ocrx_word' id='word_1_728' title='bbox 936 4305 1020 4361; x_wconf 86' lang='lat' dir='ltr'>tdissa</span> <span class='ocrx_word' id='word_1_729' title='bbox 1034 4307 1077 4360; x_wconf 88' lang='lat' dir='ltr'>est</span> <span class='ocrx_word' id='word_1_730' title='bbox 1091 4303 1234 4376; x_wconf 88' lang='lat' dir='ltr'>ejusmodi</span> <span class='ocrx_word' id='word_1_731' title='bbox 1250 4320 1257 4357; x_wconf 76' lang='grc' dir='ltr'><strong>ε</strong></span> <span class='ocrx_word' id='word_1_732' title='bbox 1274 4302 1393 4357; x_wconf 89' lang='lat' dir='ltr'>Oratio:</span> <span class='ocrx_word' id='word_1_733' title='bbox 1411 4305 1519 4363; x_wconf 85' lang='lat' dir='ltr'>Annae,</span> <span class='ocrx_word' id='word_1_734' title='bbox 1535 4316 1692 4382; x_wconf 73' lang='lat' dir='ltr'>pausamus,</span> <span class='ocrx_word' id='word_1_735' title='bbox 1707 4317 1762 4382; x_wconf 69' lang='lat' dir='ltr'>onu-</span> 
     </span>
    </p>

    <p class='ocr_par' dir='ltr' id='par_1_7' title="bbox 67 4372 1763 4798">
     <span class='ocr_line' id='line_1_58' title="bbox 93 4372 1761 4447; baseline 0.001 -22"><span class='ocrx_word' id='word_1_736' title='bbox 93 4372 147 4427; x_wconf 80' lang='lat' dir='ltr'>tro.</span> <span class='ocrx_word' id='word_1_737' title='bbox 174 4376 305 4436; x_wconf 79' lang='lat' dir='ltr'>Ornatas,</span> <span class='ocrx_word' id='word_1_738' title='bbox 333 4372 456 4437; x_wconf 87' lang='lat' dir='ltr'>Domine,</span> <span class='ocrx_word' id='word_1_739' title='bbox 490 4376 544 4427; x_wconf 90' lang='lat' dir='ltr'>etc.</span> <span class='ocrx_word' id='word_1_740' title='bbox 584 4372 614 4427; x_wconf 93' lang='lat' dir='ltr'>Iu</span> <span class='ocrx_word' id='word_1_741' title='bbox 640 4372 741 4428; x_wconf 90' lang='lat' dir='ltr'>Codice</span> <span class='ocrx_word' id='word_1_742' title='bbox 767 4372 882 4428; x_wconf 86' lang='lat' dir='ltr'>Ratotdi</span> <span class='ocrx_word' id='word_1_743' title='bbox 936 4377 1056 4447; x_wconf 80' lang='lat' dir='ltr'>nipotrns</span> <span class='ocrx_word' id='word_1_744' title='bbox 1076 4377 1157 4435; x_wconf 52' lang='lat' dir='ltr'>Deus.</span> <span class='ocrx_word' id='word_1_745' title='bbox 1180 4381 1210 4430; x_wconf 87' lang='lat' dir='ltr'>ut</span> <span class='ocrx_word' id='word_1_746' title='bbox 1225 4390 1272 4428; x_wconf 87' lang='lat' dir='ltr'>nos</span> <span class='ocrx_word' id='word_1_747' title='bbox 1288 4379 1444 4429; x_wconf 88' lang='lat' dir='ltr'>sanctorum</span> <span class='ocrx_word' id='word_1_748' title='bbox 1457 4373 1603 4437; x_wconf 78' lang='lat' dir='ltr'>ttaurrcii,</span> <span class='ocrx_word' id='word_1_749' title='bbox 1618 4374 1761 4441; x_wconf 77' lang='lat' dir='ltr'>Erupersi.</span> 
     </span>
     <span class='ocr_line' id='line_1_59' title="bbox 68 4442 1761 4515; baseline 0.003 -23"><span class='ocrx_word' id='word_1_750' title='bbox 68 4442 132 4497; x_wconf 89' lang='lat' dir='ltr'>nulla</span> <span class='ocrx_word' id='word_1_751' title='bbox 148 4443 192 4498; x_wconf 87' lang='lat' dir='ltr'>bic</span> <span class='ocrx_word' id='word_1_752' title='bbox 218 4445 347 4499; x_wconf 84' lang='lat' dir='ltr'>trabatur</span> <span class='ocrx_word' id='word_1_753' title='bbox 372 4443 469 4499; x_wconf 88' lang='lat' dir='ltr'>Oratio</span> <span class='ocrx_word' id='word_1_754' title='bbox 494 4459 579 4515; x_wconf 89' lang='lat' dir='ltr'>super</span> <span class='ocrx_word' id='word_1_755' title='bbox 601 4443 709 4504; x_wconf 88' lang='lat' dir='ltr'>oblata.</span> <span class='ocrx_word' id='word_1_756' title='bbox 730 4461 794 4514; x_wconf 76' lang='lat' dir='ltr'>quae</span> <span class='ocrx_word' id='word_1_757' title='bbox 813 4461 881 4499; x_wconf 86' lang='lat' dir='ltr'>sane</span> <span class='ocrx_word' id='word_1_758' title='bbox 938 4447 1071 4511; x_wconf 84' lang='lat' dir='ltr'>Candidi,</span> <span class='ocrx_word' id='word_1_759' title='bbox 1092 4446 1221 4508; x_wconf 86' lang='lat' dir='ltr'>Victoris,</span> <span class='ocrx_word' id='word_1_760' title='bbox 1236 4445 1400 4510; x_wconf 85' lang='lat' dir='ltr'>tnnocemis,</span> <span class='ocrx_word' id='word_1_761' title='bbox 1421 4452 1445 4499; x_wconf 88' lang='lat' dir='ltr'>et</span> <span class='ocrx_word' id='word_1_762' title='bbox 1465 4444 1572 4509; x_wconf 85' lang='lat' dir='ltr'>Vitatis,</span> <span class='ocrx_word' id='word_1_763' title='bbox 1588 4449 1613 4497; x_wconf 86' lang='lat' dir='ltr'>et</span> <span class='ocrx_word' id='word_1_764' title='bbox 1626 4444 1761 4498; x_wconf 83' lang='lat' dir='ltr'>sociorum</span> 
     </span>
     <span class='ocr_line' id='line_1_60' title="bbox 68 4512 1763 4588; baseline 0.002 -23"><span class='ocrx_word' id='word_1_765' title='bbox 68 4512 158 4570; x_wconf 86' lang='lat' dir='ltr'>omissa</span> <span class='ocrx_word' id='word_1_766' title='bbox 180 4515 236 4571; x_wconf 89' lang='lat' dir='ltr'>tuit</span> <span class='ocrx_word' id='word_1_767' title='bbox 263 4514 303 4569; x_wconf 87' lang='lat' dir='ltr'>ab</span> <span class='ocrx_word' id='word_1_768' title='bbox 324 4531 501 4571; x_wconf 90' lang='lat' dir='ltr'>amanuense</span> <span class='ocrx_word' id='word_1_769' title='bbox 521 4515 599 4570; x_wconf 87' lang='lat' dir='ltr'>aliud</span> <span class='ocrx_word' id='word_1_770' title='bbox 625 4513 742 4569; x_wconf 77' lang='lat' dir='ltr'>forsitan</span> <span class='ocrx_word' id='word_1_771' title='bbox 768 4522 879 4587; x_wconf 79' lang='lat' dir='ltr'>agente.</span> <span class='ocrx_word' id='word_1_772' title='bbox 936 4518 1099 4582; x_wconf 86' lang='lat' dir='ltr'>eorumdem,</span> <span class='ocrx_word' id='word_1_773' title='bbox 1126 4517 1243 4587; x_wconf 73' lang='lat' dir='ltr'>latificet</span> <span class='ocrx_word' id='word_1_774' title='bbox 1271 4517 1368 4588; x_wconf 62' lang='lat' dir='ltr'>sestace</span> <span class='ocrx_word' id='word_1_775' title='bbox 1397 4516 1561 4577; x_wconf 86' lang='lat' dir='ltr'>solemnitas,</span> <span class='ocrx_word' id='word_1_776' title='bbox 1590 4519 1643 4569; x_wconf 90' lang='lat' dir='ltr'>etc.</span> <span class='ocrx_word' id='word_1_777' title='bbox 1671 4515 1763 4584; x_wconf 87' lang='lat' dir='ltr'>Super</span> 
     </span>
     <span class='ocr_line' id='line_1_61' title="bbox 67 4568 1762 4666; baseline 0.002 -30"><span class='ocrx_word' id='word_1_778' title='bbox 67 4583 90 4636; x_wconf 90' lang='lat' dir='ltr'>lc</span> <span class='ocrx_word' id='word_1_779' title='bbox 106 4587 200 4642; x_wconf 87' lang='lat' dir='ltr'>eodem</span> <span class='ocrx_word' id='word_1_780' title='bbox 216 4585 325 4645; x_wconf 85' lang='lat' dir='ltr'>Codice</span> <span class='ocrx_word' id='word_1_781' title='bbox 344 4590 437 4640; x_wconf 83' lang='lat' dir='ltr'>exstat</span> <span class='ocrx_word' id='word_1_782' title='bbox 452 4590 515 4642; x_wconf 80' lang='lat' dir='ltr'>naec</span> <span class='ocrx_word' id='word_1_783' title='bbox 536 4585 698 4642; x_wconf 89' lang='lat' dir='ltr'>Benedictio</span> <span class='ocrx_word' id='word_1_784' title='bbox 715 4605 721 4641; x_wconf 90' lang='lat'>:</span> <span class='ocrx_word' id='word_1_785' title='bbox 739 4589 819 4650; x_wconf 81' lang='lat' dir='ltr'>neas,</span> <span class='ocrx_word' id='word_1_786' title='bbox 851 4588 882 4641; x_wconf 87' lang='lat' dir='ltr'>ui</span> <span class='ocrx_word' id='word_1_787' title='bbox 899 4568 921 4626; x_wconf 79' lang='lat' dir='ltr'>D</span> <span class='ocrx_word' id='word_1_788' title='bbox 937 4590 1032 4644; x_wconf 89' lang='lat' dir='ltr'>oblata</span> <span class='ocrx_word' id='word_1_789' title='bbox 1048 4589 1184 4660; x_wconf 64' lang='lat' dir='ltr'>:Respice</span> <span class='ocrx_word' id='word_1_790' title='bbox 1196 4604 1356 4658; x_wconf 75' lang='lat' dir='ltr'>quesumus,</span> <span class='ocrx_word' id='word_1_791' title='bbox 1372 4604 1485 4641; x_wconf 88' lang='lat' dir='ltr'>munera</span> <span class='ocrx_word' id='word_1_792' title='bbox 1500 4600 1559 4657; x_wconf 75' lang='lat' dir='ltr'>qua</span> <span class='ocrx_word' id='word_1_793' title='bbox 1569 4586 1762 4666; x_wconf 69' lang='lat' dir='ltr'>inscriptorum</span> 
     </span>
     <span class='ocr_line' id='line_1_62' title="bbox 67 4605 1763 4739; baseline 0.001 -30"><span class='ocrx_word' id='word_1_794' title='bbox 67 4655 188 4712; x_wconf 80' lang='lat' dir='ltr'>redemisti</span> <span class='ocrx_word' id='word_1_795' title='bbox 214 4674 303 4729; x_wconf 76' lang='lat' dir='ltr'>penus</span> <span class='ocrx_word' id='word_1_796' title='bbox 324 4656 471 4712; x_wconf 76' lang='lat' dir='ltr'>taenarium</span> <span class='ocrx_word' id='word_1_797' title='bbox 489 4674 541 4729; x_wconf 84' lang='lat' dir='ltr'>per</span> <span class='ocrx_word' id='word_1_798' title='bbox 564 4657 645 4712; x_wconf 86' lang='lat' dir='ltr'>teatoe</span> <span class='ocrx_word' id='word_1_799' title='bbox 665 4658 755 4712; x_wconf 87' lang='lat' dir='ltr'>crucis</span> <span class='ocrx_word' id='word_1_800' title='bbox 772 4605 881 4728; x_wconf 71' lang='lat' dir='ltr'>patiiu-</span> <span class='ocrx_word' id='word_1_801' title='bbox 936 4668 1214 4731; x_wconf 74' lang='lat' dir='ltr'>martyrumtuorum</span> <span class='ocrx_word' id='word_1_802' title='bbox 1234 4658 1380 4718; x_wconf 84' lang='lat' dir='ltr'>Mauricii,</span> <span class='ocrx_word' id='word_1_803' title='bbox 1394 4656 1683 4739; x_wconf 77' lang='lat' dir='ltr'>Eruperii,Ccndrdi,</span> <span class='ocrx_word' id='word_1_804' title='bbox 1703 4656 1763 4713; x_wconf 86' lang='lat' dir='ltr'>Vra·</span> 
     </span>
     <span class='ocr_line' id='line_1_63' title="bbox 67 4722 1763 4798; baseline 0.001 -17"><span class='ocrx_word' id='word_1_805' title='bbox 67 4722 181 4793; x_wconf 72' lang='lat' dir='ltr'>timete.</span> <span class='ocrx_word' id='word_1_806' title='bbox 937 4733 1015 4795; x_wconf 90' lang='lat' dir='ltr'>toris,</span> <span class='ocrx_word' id='word_1_807' title='bbox 1042 4731 1205 4798; x_wconf 85' lang='lat' dir='ltr'>innocentis,</span> <span class='ocrx_word' id='word_1_808' title='bbox 1233 4735 1260 4785; x_wconf 90' lang='lat' dir='ltr'>et</span> <span class='ocrx_word' id='word_1_809' title='bbox 1283 4729 1391 4795; x_wconf 87' lang='lat' dir='ltr'>Vitatis,</span> <span class='ocrx_word' id='word_1_810' title='bbox 1412 4737 1436 4783; x_wconf 91' lang='lat' dir='ltr'>et</span> <span class='ocrx_word' id='word_1_811' title='bbox 1459 4743 1592 4783; x_wconf 82' lang='lat' dir='ltr'>sociorum</span> <span class='ocrx_word' id='word_1_812' title='bbox 1610 4727 1763 4783; x_wconf 84' lang='lat' dir='ltr'>eorumdem</span> 
     </span>
    </p>

    <p class='ocr_par' dir='ltr' id='par_1_8' title="bbox 69 4798 1764 5371">
     <span class='ocr_line' id='line_1_64' title="bbox 93 4798 1762 4874; baseline 0.001 -23"><span class='ocrx_word' id='word_1_813' title='bbox 93 4800 148 4854; x_wconf 80' lang='lat' dir='ltr'>tit.</span> <span class='ocrx_word' id='word_1_814' title='bbox 166 4801 230 4855; x_wconf 78' lang='lat' dir='ltr'>tesia</span> <span class='ocrx_word' id='word_1_815' title='bbox 252 4799 372 4863; x_wconf 76' lang='lat' dir='ltr'>Christi,</span> <span class='ocrx_word' id='word_1_816' title='bbox 397 4804 450 4855; x_wconf 87' lang='lat' dir='ltr'>etc.</span> <span class='ocrx_word' id='word_1_817' title='bbox 476 4800 506 4854; x_wconf 91' lang='lat' dir='ltr'>tc</span> <span class='ocrx_word' id='word_1_818' title='bbox 529 4798 631 4857; x_wconf 90' lang='lat' dir='ltr'>Codice</span> <span class='ocrx_word' id='word_1_819' title='bbox 661 4798 815 4855; x_wconf 85' lang='lat' dir='ltr'>Rhemensi</span> <span class='ocrx_word' id='word_1_820' title='bbox 839 4815 880 4853; x_wconf 87' lang='lat' dir='ltr'>se·</span> <span class='ocrx_word' id='word_1_821' title='bbox 936 4804 1182 4858; x_wconf 79' lang='lat' dir='ltr'>conmemoratione</span> <span class='ocrx_word' id='word_1_822' title='bbox 1201 4801 1358 4874; x_wconf 68' lang='lat' dir='ltr'>talentinus,</span> <span class='ocrx_word' id='word_1_823' title='bbox 1377 4803 1430 4856; x_wconf 86' lang='lat' dir='ltr'>etc.</span> <span class='ocrx_word' id='word_1_824' title='bbox 1455 4798 1612 4854; x_wconf 83' lang='lat' dir='ltr'>Praelatio:</span> <span class='ocrx_word' id='word_1_825' title='bbox 1630 4799 1762 4864; x_wconf 81' lang='lat' dir='ltr'>Quoniam</span> 
     </span>
     <span class='ocr_line' id='line_1_65' title="bbox 69 4868 1763 4945; baseline 0.001 -24"><span class='ocrx_word' id='word_1_826' title='bbox 69 4868 167 4935; x_wconf 79' lang='lat' dir='ltr'>quitur:</span> <span class='ocrx_word' id='word_1_827' title='bbox 183 4871 229 4925; x_wconf 82' lang='lat' dir='ltr'>rld</span> <span class='ocrx_word' id='word_1_828' title='bbox 251 4886 361 4925; x_wconf 71' lang='lat' dir='ltr'>macera</span> <span class='ocrx_word' id='word_1_829' title='bbox 375 4869 557 4931; x_wconf 83' lang='lat' dir='ltr'>salutandam.</span> <span class='ocrx_word' id='word_1_830' title='bbox 574 4871 655 4935; x_wconf 84' lang='lat' dir='ltr'>Deus,</span> <span class='ocrx_word' id='word_1_831' title='bbox 671 4872 719 4942; x_wconf 82' lang='lat' dir='ltr'>qui</span> <span class='ocrx_word' id='word_1_832' title='bbox 741 4870 882 4941; x_wconf 77' lang='lat' dir='ltr'>Unipeniti</span> <span class='ocrx_word' id='word_1_833' title='bbox 935 4875 1113 4945; x_wconf 72' lang='lat' dir='ltr'>depascimur,</span> <span class='ocrx_word' id='word_1_834' title='bbox 1137 4880 1266 4944; x_wconf 83' lang='lat' dir='ltr'>quantum</span> <span class='ocrx_word' id='word_1_835' title='bbox 1293 4871 1365 4943; x_wconf 84' lang='lat' dir='ltr'>apud</span> <span class='ocrx_word' id='word_1_836' title='bbox 1384 4879 1408 4925; x_wconf 87' lang='lat' dir='ltr'>te</span> <span class='ocrx_word' id='word_1_837' title='bbox 1423 4870 1458 4925; x_wconf 85' lang='lat' dir='ltr'>sit</span> <span class='ocrx_word' id='word_1_838' title='bbox 1470 4870 1682 4941; x_wconf 77' lang='lat' dir='ltr'>practaracita</span> <span class='ocrx_word' id='word_1_839' title='bbox 1701 4887 1763 4923; x_wconf 88' lang='lat' dir='ltr'>san·</span> 
     </span>
     <span class='ocr_line' id='line_1_66' title="bbox 69 4940 1762 5022; baseline 0.002 -30"><span class='ocrx_word' id='word_1_840' title='bbox 69 4941 223 5007; x_wconf 78' lang='lat' dir='ltr'>tti,etc.,ut</span> <span class='ocrx_word' id='word_1_841' title='bbox 234 4958 337 5011; x_wconf 87' lang='lat' dir='ltr'>supra.</span> <span class='ocrx_word' id='word_1_842' title='bbox 353 4944 434 5012; x_wconf 78' lang='lat' dir='ltr'>Apud</span> <span class='ocrx_word' id='word_1_843' title='bbox 450 4941 609 4997; x_wconf 80' lang='lat' dir='ltr'>Panaetium</span> <span class='ocrx_word' id='word_1_844' title='bbox 624 4943 883 5012; x_wconf 85' lang='lat' dir='ltr'>Orationemsuper</span> <span class='ocrx_word' id='word_1_845' title='bbox 935 4953 1049 5009; x_wconf 85' lang='lat' dir='ltr'>ntorum,</span> <span class='ocrx_word' id='word_1_846' title='bbox 1074 4948 1128 5000; x_wconf 89' lang='lat' dir='ltr'>etc.</span> <span class='ocrx_word' id='word_1_847' title='bbox 1158 4945 1198 4999; x_wconf 76' lang='lat' dir='ltr'>nd</span> <span class='ocrx_word' id='word_1_848' title='bbox 1224 4943 1455 5013; x_wconf 87' lang='lat' dir='ltr'>Complendum:</span> <span class='ocrx_word' id='word_1_849' title='bbox 1486 4941 1640 4997; x_wconf 71' lang='lat' dir='ltr'>Caelestinus</span> <span class='ocrx_word' id='word_1_850' title='bbox 1663 4940 1762 5022; x_wconf 84' lang='lat' dir='ltr'>repleti</span> 
     </span>
     <span class='ocr_line' id='line_1_67' title="bbox 70 5010 1763 5085; baseline 0.001 -20"><span class='ocrx_word' id='word_1_851' title='bbox 70 5010 186 5080; x_wconf 80' lang='lat' dir='ltr'>poputum</span> <span class='ocrx_word' id='word_1_852' title='bbox 199 5014 304 5069; x_wconf 78' lang='lat' dir='ltr'>multia</span> <span class='ocrx_word' id='word_1_853' title='bbox 317 5012 462 5083; x_wconf 84' lang='lat' dir='ltr'>excipiunt</span> <span class='ocrx_word' id='word_1_854' title='bbox 473 5013 632 5079; x_wconf 87' lang='lat' dir='ltr'>Orationes,</span> <span class='ocrx_word' id='word_1_855' title='bbox 647 5029 769 5083; x_wconf 85' lang='lat' dir='ltr'>quarum</span> <span class='ocrx_word' id='word_1_856' title='bbox 780 5013 882 5068; x_wconf 91' lang='lat' dir='ltr'>ultima</span> <span class='ocrx_word' id='word_1_857' title='bbox 935 5015 1110 5071; x_wconf 79' lang='lat' dir='ltr'>sacramentis</span> <span class='ocrx_word' id='word_1_858' title='bbox 1120 5023 1145 5071; x_wconf 91' lang='lat' dir='ltr'>et</span> <span class='ocrx_word' id='word_1_859' title='bbox 1158 5015 1276 5085; x_wconf 75' lang='lat' dir='ltr'>paudr&#39;is,</span> <span class='ocrx_word' id='word_1_860' title='bbox 1290 5019 1343 5070; x_wconf 90' lang='lat' dir='ltr'>etc.</span> <span class='ocrx_word' id='word_1_861' title='bbox 1361 5013 1391 5067; x_wconf 92' lang='lat' dir='ltr'>tn</span> <span class='ocrx_word' id='word_1_862' title='bbox 1402 5014 1504 5068; x_wconf 86' lang='lat' dir='ltr'>eodem</span> <span class='ocrx_word' id='word_1_863' title='bbox 1520 5012 1622 5069; x_wconf 88' lang='lat' dir='ltr'>Codice</span> <span class='ocrx_word' id='word_1_864' title='bbox 1635 5016 1763 5082; x_wconf 78' lang='lat' dir='ltr'>sequitur</span> 
     </span>
     <span class='ocr_line' id='line_1_68' title="bbox 70 5083 1763 5156; baseline 0.002 -22"><span class='ocrx_word' id='word_1_865' title='bbox 70 5083 251 5156; x_wconf 76' lang='lat' dir='ltr'>atejusmcdi</span> <span class='ocrx_word' id='word_1_866' title='bbox 270 5102 277 5139; x_wconf 94' lang='lat'>:</span> <span class='ocrx_word' id='word_1_867' title='bbox 297 5083 377 5149; x_wconf 85' lang='lat' dir='ltr'>Deus,</span> <span class='ocrx_word' id='word_1_868' title='bbox 394 5084 441 5155; x_wconf 83' lang='lat' dir='ltr'>qui</span> <span class='ocrx_word' id='word_1_869' title='bbox 455 5085 596 5155; x_wconf 82' lang='lat' dir='ltr'>ttnipeuiti</span> <span class='ocrx_word' id='word_1_870' title='bbox 610 5085 653 5139; x_wconf 89' lang='lat' dir='ltr'>tui</span> <span class='ocrx_word' id='word_1_871' title='bbox 667 5085 781 5139; x_wconf 78' lang='lat' dir='ltr'>Doniini</span> <span class='ocrx_word' id='word_1_872' title='bbox 794 5085 882 5139; x_wconf 87' lang='lat' dir='ltr'>nostri</span> <span class='ocrx_word' id='word_1_873' title='bbox 936 5087 1027 5143; x_wconf 87' lang='lat' dir='ltr'>altera</span> <span class='ocrx_word' id='word_1_874' title='bbox 1048 5087 1133 5141; x_wconf 86' lang='lat' dir='ltr'>Missa</span> <span class='ocrx_word' id='word_1_875' title='bbox 1159 5086 1326 5141; x_wconf 86' lang='lat' dir='ltr'>eorumdem</span> <span class='ocrx_word' id='word_1_876' title='bbox 1345 5088 1505 5153; x_wconf 83' lang='lat' dir='ltr'>martyrum</span> <span class='ocrx_word' id='word_1_877' title='bbox 1523 5099 1529 5138; x_wconf 91' lang='lat'>:</span> <span class='ocrx_word' id='word_1_878' title='bbox 1547 5084 1719 5153; x_wconf 85' lang='lat' dir='ltr'>Omnipotens</span> <span class='ocrx_word' id='word_1_879' title='bbox 1737 5088 1763 5138; x_wconf 87' lang='lat' dir='ltr'>at</span> 
     </span>
     <span class='ocr_line' id='line_1_69' title="bbox 70 5149 1761 5228; baseline 0.001 -21"><span class='ocrx_word' id='word_1_880' title='bbox 70 5149 119 5207; x_wconf 78' lang='lat' dir='ltr'>trac</span> <span class='ocrx_word' id='word_1_881' title='bbox 131 5156 241 5212; x_wconf 76' lang='lat' dir='ltr'>Christi</span> <span class='ocrx_word' id='word_1_882' title='bbox 253 5156 370 5225; x_wconf 73' lang='lat' dir='ltr'>virifica</span> <span class='ocrx_word' id='word_1_883' title='bbox 389 5157 479 5209; x_wconf 87' lang='lat' dir='ltr'>crucis</span> <span class='ocrx_word' id='word_1_884' title='bbox 502 5155 630 5210; x_wconf 79' lang='lat' dir='ltr'>ossillum</span> <span class='ocrx_word' id='word_1_885' title='bbox 644 5156 815 5226; x_wconf 77' lang='lat' dir='ltr'>sanctificare</span> <span class='ocrx_word' id='word_1_886' title='bbox 836 5173 882 5210; x_wconf 90' lang='lat' dir='ltr'>co·</span> <span class='ocrx_word' id='word_1_887' title='bbox 936 5158 1089 5214; x_wconf 87' lang='lat' dir='ltr'>misericors</span> <span class='ocrx_word' id='word_1_888' title='bbox 1104 5158 1180 5221; x_wconf 84' lang='lat' dir='ltr'>Deus,</span> <span class='ocrx_word' id='word_1_889' title='bbox 1195 5158 1242 5226; x_wconf 85' lang='lat' dir='ltr'>qui</span> <span class='ocrx_word' id='word_1_890' title='bbox 1254 5157 1355 5210; x_wconf 88' lang='lat' dir='ltr'>sanctis</span> <span class='ocrx_word' id='word_1_891' title='bbox 1365 5154 1532 5228; x_wconf 75' lang='lat' dir='ltr'>martyribus</span> <span class='ocrx_word' id='word_1_892' title='bbox 1546 5155 1602 5211; x_wconf 84' lang='lat' dir='ltr'>tuis</span> <span class='ocrx_word' id='word_1_893' title='bbox 1615 5154 1761 5220; x_wconf 85' lang='lat' dir='ltr'>Mauricio,</span> 
     </span>
     <span class='ocr_line' id='line_1_70' title="bbox 73 5219 1764 5299; baseline 0.005 -25"><span class='ocrx_word' id='word_1_894' title='bbox 73 5219 209 5288; x_wconf 65' lang='lat' dir='ltr'>laisteis.</span> <span class='ocrx_word' id='word_1_895' title='bbox 225 5225 562 5291; x_wconf 82' lang='lat' dir='ltr'>Quamcitatrtlcuinus‚</span> <span class='ocrx_word' id='word_1_896' title='bbox 579 5226 626 5280; x_wconf 93' lang='lat' dir='ltr'>lib.</span> <span class='ocrx_word' id='word_1_897' title='bbox 644 5244 661 5280; x_wconf 93' lang='lat' dir='ltr'>u</span> <span class='ocrx_word' id='word_1_898' title='bbox 677 5227 813 5282; x_wconf 79' lang='lat' dir='ltr'>adversus</span> <span class='ocrx_word' id='word_1_899' title='bbox 829 5226 882 5280; x_wconf 83' lang='lat' dir='ltr'>Eli·</span> <span class='ocrx_word' id='word_1_900' title='bbox 936 5228 1087 5299; x_wconf 77' lang='lat' dir='ltr'>Enipeum,</span> <span class='ocrx_word' id='word_1_901' title='bbox 1110 5227 1243 5291; x_wconf 87' lang='lat' dir='ltr'>Candido,</span> <span class='ocrx_word' id='word_1_902' title='bbox 1272 5236 1298 5281; x_wconf 83' lang='lat' dir='ltr'>et</span> <span class='ocrx_word' id='word_1_903' title='bbox 1316 5226 1420 5282; x_wconf 84' lang='lat' dir='ltr'>Victori</span> <span class='ocrx_word' id='word_1_904' title='bbox 1444 5228 1596 5282; x_wconf 85' lang='lat' dir='ltr'>cumsoer&#39;is</span> <span class='ocrx_word' id='word_1_905' title='bbox 1616 5243 1709 5282; x_wconf 89' lang='lat' dir='ltr'>eorum</span> <span class='ocrx_word' id='word_1_906' title='bbox 1723 5242 1764 5281; x_wconf 89' lang='lat' dir='ltr'>eo·</span> 
     </span>
     <span class='ocr_line' id='line_1_71' title="bbox 72 5295 1762 5371; baseline 0.001 -21"><span class='ocrx_word' id='word_1_907' title='bbox 72 5300 171 5361; x_wconf 74' lang='lat' dir='ltr'>cantum</span> <span class='ocrx_word' id='word_1_908' title='bbox 190 5296 286 5357; x_wconf 83' lang='lat' dir='ltr'>:item</span> <span class='ocrx_word' id='word_1_909' title='bbox 307 5296 342 5351; x_wconf 88' lang='lat' dir='ltr'>ad</span> <span class='ocrx_word' id='word_1_910' title='bbox 360 5295 530 5352; x_wconf 74' lang='lat' dir='ltr'>structionem</span> <span class='ocrx_word' id='word_1_911' title='bbox 551 5305 648 5352; x_wconf 81' lang='lat' dir='ltr'>sancire</span> <span class='ocrx_word' id='word_1_912' title='bbox 668 5300 778 5353; x_wconf 81' lang='lat' dir='ltr'>enisis:</span> <span class='ocrx_word' id='word_1_913' title='bbox 800 5297 881 5361; x_wconf 85' lang='lat' dir='ltr'>Deus,</span> <span class='ocrx_word' id='word_1_914' title='bbox 937 5317 1031 5355; x_wconf 87' lang='lat' dir='ltr'>ronam</span> <span class='ocrx_word' id='word_1_915' title='bbox 1041 5299 1172 5371; x_wconf 75' lang='lat' dir='ltr'>marturii</span> <span class='ocrx_word' id='word_1_916' title='bbox 1181 5297 1611 5369; x_wconf 65' lang='lat' dir='ltr'>praestitistiete.Superoblata</span> <span class='ocrx_word' id='word_1_917' title='bbox 1626 5298 1762 5361; x_wconf 66' lang='lat' dir='ltr'>:Hostias</span> 
     </span>
    </p>
   </div>
   <div class='ocr_carea' id='block_1_6' title="bbox 74 5418 1764 5847">
    <p class='ocr_par' dir='ltr' id='par_1_9' title="bbox 74 5418 1764 5847">
     <span class='ocr_line' id='line_1_72' title="bbox 98 5418 1760 5493; baseline 0 -20"><span class='ocrx_word' id='word_1_918' title='bbox 98 5418 147 5473; x_wconf 69' lang='lat' dir='ltr'>²lc</span> <span class='ocrx_word' id='word_1_919' title='bbox 159 5420 277 5476; x_wconf 76' lang='lat' dir='ltr'>Kalend,</span> <span class='ocrx_word' id='word_1_920' title='bbox 300 5418 379 5476; x_wconf 85' lang='lat' dir='ltr'>Rom.</span> <span class='ocrx_word' id='word_1_921' title='bbox 395 5426 505 5476; x_wconf 89' lang='lat' dir='ltr'>notatur</span> <span class='ocrx_word' id='word_1_922' title='bbox 520 5422 571 5479; x_wconf 89' lang='lat' dir='ltr'>boe</span> <span class='ocrx_word' id='word_1_923' title='bbox 590 5420 697 5485; x_wconf 86' lang='lat' dir='ltr'>testum,</span> <span class='ocrx_word' id='word_1_924' title='bbox 718 5428 745 5475; x_wconf 88' lang='lat' dir='ltr'>et</span> <span class='ocrx_word' id='word_1_925' title='bbox 759 5420 786 5476; x_wconf 92' lang='lat' dir='ltr'>in</span> <span class='ocrx_word' id='word_1_926' title='bbox 811 5430 884 5478; x_wconf 89' lang='lat' dir='ltr'>utro·</span> <span class='ocrx_word' id='word_1_927' title='bbox 973 5436 985 5467; x_wconf 69' lang='grc' dir='ltr'><strong>ο</strong></span> <span class='ocrx_word' id='word_1_928' title='bbox 1005 5424 1034 5478; x_wconf 92' lang='lat' dir='ltr'>tc</span> <span class='ocrx_word' id='word_1_929' title='bbox 1049 5422 1154 5480; x_wconf 86' lang='lat' dir='ltr'>Camel.</span> <span class='ocrx_word' id='word_1_930' title='bbox 1171 5422 1266 5478; x_wconf 88' lang='lat' dir='ltr'>eadem</span> <span class='ocrx_word' id='word_1_931' title='bbox 1280 5424 1308 5480; x_wconf 88' lang='lat' dir='ltr'>ts</span> <span class='ocrx_word' id='word_1_932' title='bbox 1328 5423 1392 5479; x_wconf 89' lang='lat' dir='ltr'>itur.</span> <span class='ocrx_word' id='word_1_933' title='bbox 1408 5424 1499 5493; x_wconf 87' lang='lat' dir='ltr'>Ipsam</span> <span class='ocrx_word' id='word_1_934' title='bbox 1513 5421 1644 5478; x_wconf 83' lang='lat' dir='ltr'>exhibent</span> <span class='ocrx_word' id='word_1_935' title='bbox 1657 5418 1760 5474; x_wconf 84' lang='lat' dir='ltr'>Theod.</span> 
     </span>
     <span class='ocr_line' id='line_1_73' title="bbox 74 5441 1764 5571; baseline 0 -27"><span class='ocrx_word' id='word_1_936' title='bbox 74 5488 224 5563; x_wconf 79' lang='lat' dir='ltr'>quetheod.</span> <span class='ocrx_word' id='word_1_937' title='bbox 242 5508 350 5548; x_wconf 90' lang='lat' dir='ltr'>necnon</span> <span class='ocrx_word' id='word_1_938' title='bbox 371 5492 398 5547; x_wconf 92' lang='lat' dir='ltr'>ic</span> <span class='ocrx_word' id='word_1_939' title='bbox 414 5491 519 5549; x_wconf 84' lang='lat' dir='ltr'>Gemet.</span> <span class='ocrx_word' id='word_1_940' title='bbox 535 5490 622 5548; x_wconf 85' lang='lat' dir='ltr'>Abest</span> <span class='ocrx_word' id='word_1_941' title='bbox 641 5491 675 5549; x_wconf 91' lang='lat' dir='ltr'>ab</span> <span class='ocrx_word' id='word_1_942' title='bbox 692 5491 745 5548; x_wconf 85' lang='lat' dir='ltr'>Ed.</span> <span class='ocrx_word' id='word_1_943' title='bbox 767 5493 881 5560; x_wconf 80' lang='lat' dir='ltr'>Fumat,</span> <span class='ocrx_word' id='word_1_944' title='bbox 936 5495 1095 5552; x_wconf 90' lang='lat' dir='ltr'>atsecundc</span> <span class='ocrx_word' id='word_1_945' title='bbox 1108 5495 1176 5549; x_wconf 90' lang='lat' dir='ltr'>loco.</span> <span class='ocrx_word' id='word_1_946' title='bbox 1195 5494 1273 5550; x_wconf 84' lang='lat' dir='ltr'>Prior</span> <span class='ocrx_word' id='word_1_947' title='bbox 1291 5441 1376 5550; x_wconf 52' lang='lat' dir='ltr'>tissa</span> <span class='ocrx_word' id='word_1_948' title='bbox 1398 5494 1488 5549; x_wconf 87' lang='lat' dir='ltr'>dillert</span> <span class='ocrx_word' id='word_1_949' title='bbox 1514 5494 1548 5549; x_wconf 90' lang='lat' dir='ltr'>ab</span> <span class='ocrx_word' id='word_1_950' title='bbox 1574 5508 1607 5548; x_wconf 85' lang='lat' dir='ltr'>aa</span> <span class='ocrx_word' id='word_1_951' title='bbox 1621 5506 1701 5571; x_wconf 79' lang='lat' dir='ltr'>quam</span> <span class='ocrx_word' id='word_1_952' title='bbox 1715 5488 1764 5544; x_wconf 83' lang='lat' dir='ltr'>tra·</span> 
     </span>
     <span class='ocr_line' id='line_1_74' title="bbox 74 5556 1761 5636; baseline 0 -21"><span class='ocrx_word' id='word_1_953' title='bbox 74 5556 124 5615; x_wconf 81' lang='lat' dir='ltr'>hcet</span> <span class='ocrx_word' id='word_1_954' title='bbox 135 5561 160 5618; x_wconf 92' lang='lat' dir='ltr'>in</span> <span class='ocrx_word' id='word_1_955' title='bbox 175 5565 244 5621; x_wconf 89' lang='lat' dir='ltr'>Cod.</span> <span class='ocrx_word' id='word_1_956' title='bbox 263 5564 336 5636; x_wconf 77' lang='lat' dir='ltr'>tteg.</span> <span class='ocrx_word' id='word_1_957' title='bbox 350 5560 430 5620; x_wconf 86' lang='lat' dir='ltr'>Susc.</span> <span class='ocrx_word' id='word_1_958' title='bbox 442 5565 623 5620; x_wconf 90' lang='lat' dir='ltr'>contineatur.</span> <span class='ocrx_word' id='word_1_959' title='bbox 939 5566 1004 5621; x_wconf 90' lang='lat' dir='ltr'>beot</span> <span class='ocrx_word' id='word_1_960' title='bbox 1018 5564 1079 5621; x_wconf 88' lang='lat' dir='ltr'>libri</span> <span class='ocrx_word' id='word_1_961' title='bbox 1095 5564 1199 5636; x_wconf 80' lang='lat' dir='ltr'>vulgati</span> <span class='ocrx_word' id='word_1_962' title='bbox 1213 5582 1220 5633; x_wconf 91' lang='lat'>;</span> <span class='ocrx_word' id='word_1_963' title='bbox 1237 5564 1341 5622; x_wconf 89' lang='lat' dir='ltr'>scilicet</span> <span class='ocrx_word' id='word_1_964' title='bbox 1349 5566 1508 5629; x_wconf 86' lang='lat' dir='ltr'>salutarem,</span> <span class='ocrx_word' id='word_1_965' title='bbox 1525 5569 1588 5627; x_wconf 84' lang='lat' dir='ltr'>eta,</span> <span class='ocrx_word' id='word_1_966' title='bbox 1601 5568 1630 5616; x_wconf 95' lang='lat' dir='ltr'>ut</span> <span class='ocrx_word' id='word_1_967' title='bbox 1641 5560 1713 5615; x_wconf 89' lang='lat' dir='ltr'>rctra</span> <span class='ocrx_word' id='word_1_968' title='bbox 1727 5576 1761 5615; x_wconf 82' lang='lat' dir='ltr'>ex</span> 
     </span>
     <span class='ocr_line' id='line_1_75' title="bbox 101 5630 1676 5713; baseline 0.004 -26"><span class='ocrx_word' id='word_1_969' title='bbox 101 5630 151 5687; x_wconf 76' lang='lat' dir='ltr'>ttn</span> <span class='ocrx_word' id='word_1_970' title='bbox 164 5635 272 5694; x_wconf 75' lang='lat' dir='ltr'>Censet,</span> <span class='ocrx_word' id='word_1_971' title='bbox 289 5652 323 5691; x_wconf 86' lang='lat' dir='ltr'>ac</span> <span class='ocrx_word' id='word_1_972' title='bbox 335 5639 446 5708; x_wconf 86' lang='lat' dir='ltr'>utroque</span> <span class='ocrx_word' id='word_1_973' title='bbox 460 5635 564 5692; x_wconf 84' lang='lat' dir='ltr'>Theod.</span> <span class='ocrx_word' id='word_1_974' title='bbox 588 5636 716 5707; x_wconf 80' lang='lat' dir='ltr'>leguntur</span> <span class='ocrx_word' id='word_1_975' title='bbox 729 5633 790 5690; x_wconf 83' lang='lat' dir='ltr'>dua</span> <span class='ocrx_word' id='word_1_976' title='bbox 804 5638 878 5693; x_wconf 86' lang='lat' dir='ltr'>Orat.</span> <span class='ocrx_word' id='word_1_977' title='bbox 938 5636 1090 5710; x_wconf 84' lang='lat' dir='ltr'>appendice</span> <span class='ocrx_word' id='word_1_978' title='bbox 1104 5636 1176 5695; x_wconf 84' lang='lat' dir='ltr'>Rod.</span> <span class='ocrx_word' id='word_1_979' title='bbox 1630 5702 1635 5712; x_wconf 34' lang='grc' dir='ltr'>ι</span> <span class='ocrx_word' id='word_1_980' title='bbox 1659 5702 1676 5713; x_wconf 87' lang='lat'>..</span> 
     </span>
     <span class='ocr_line' id='line_1_76' title="bbox 76 5699 1763 5792; baseline -0.002 -29"><span class='ocrx_word' id='word_1_981' title='bbox 76 5699 110 5781; x_wconf 70' lang='lat' dir='ltr'>lic</span> <span class='ocrx_word' id='word_1_982' title='bbox 132 5708 292 5782; x_wconf 78' lang='lat' dir='ltr'>assignata.</span> <span class='ocrx_word' id='word_1_983' title='bbox 314 5707 344 5764; x_wconf 91' lang='lat' dir='ltr'>tn</span> <span class='ocrx_word' id='word_1_984' title='bbox 365 5707 430 5767; x_wconf 86' lang='lat' dir='ltr'>Cod.</span> <span class='ocrx_word' id='word_1_985' title='bbox 456 5707 527 5780; x_wconf 79' lang='lat' dir='ltr'>Reg.</span> <span class='ocrx_word' id='word_1_986' title='bbox 555 5706 636 5763; x_wconf 86' lang='lat' dir='ltr'>Scae.</span> <span class='ocrx_word' id='word_1_987' title='bbox 660 5711 751 5761; x_wconf 76' lang='lat' dir='ltr'>emtat</span> <span class='ocrx_word' id='word_1_988' title='bbox 777 5711 881 5764; x_wconf 89' lang='lat' dir='ltr'>tantum</span> <span class='ocrx_word' id='word_1_989' title='bbox 973 5707 1031 5792; x_wconf 58' lang='grc' dir='ltr'><strong>(ιιι</strong></span> <span class='ocrx_word' id='word_1_990' title='bbox 1059 5708 1164 5767; x_wconf 84' lang='lat' dir='ltr'>Cenat.</span> <span class='ocrx_word' id='word_1_991' title='bbox 1192 5725 1329 5782; x_wconf 84' lang='lat' dir='ltr'>quoquc:</span> <span class='ocrx_word' id='word_1_992' title='bbox 1357 5707 1522 5765; x_wconf 62' lang='lat' dir='ltr'>Mariorum</span> <span class='ocrx_word' id='word_1_993' title='bbox 1546 5700 1675 5760; x_wconf 82' lang='lat' dir='ltr'>ttaurrcn</span> <span class='ocrx_word' id='word_1_994' title='bbox 1700 5718 1763 5760; x_wconf 86' lang='lat' dir='ltr'>cum</span> 
     </span>
     <span class='ocr_line' id='line_1_77' title="bbox 77 5786 1030 5847; baseline 0.007 -16"><span class='ocrx_word' id='word_1_995' title='bbox 77 5786 144 5842; x_wconf 76' lang='lat' dir='ltr'>ntor.</span> <span class='ocrx_word' id='word_1_996' title='bbox 926 5794 1030 5847; x_wconf 73' lang='lat' dir='ltr'>vsociis.</span> 
     </span>
    </p>
   </div>
   <div class='ocr_carea' id='block_1_7' title="bbox 0 0 2018 6164">
    <p class='ocr_par' dir='ltr' id='par_1_10' title="bbox 0 0 2018 6164">
     <span class='ocr_line' id='line_1_78' title="bbox 0 0 2018 6164; baseline 0 0"><span class='ocrx_word' id='word_1_997' title='bbox 0 0 2018 6164; x_wconf 95' lang='lat' dir='ltr'> </span> 
     </span>
    </p>
   </div>
  </div>
 </body>
</html>
