4034 6180
210 196 269 281 sii
588 190 626 261 n
646 198 677 261 s.
699 182 881 259 cuononi
900 181 1041 257 monii
1058 146 1392 258 sicniuiuronuu
1412 138 1533 258 scin.
1757 138 1768 154 ’
1853 186 1906 256 ni

211 336 396 408 Principium,
406 337 480 393 tom.
494 331 547 390 111:
561 342 575 374 ι
589 327 823 397 Ouemnotnrium
830 342 980 397 possumus
989 325 1033 381 in·
1049 327 1071 388 Α
1088 327 1134 379 tur
1144 323 1232 381 etism
1247 325 1319 383 cerei
1335 325 1478 397 psscbiilis
1492 322 1665 387 benedictio,
1679 323 1730 379 sed
1744 338 1781 378 su
1800 323 1836 379 nb
1851 323 1909 395 ipso

211 411 346 481 teltipere.
375 405 494 479 quodum
518 405 665 474 siccorum
687 399 850 471 compendio
876 400 1033 454 breviatum
1087 401 1187 451 suncto
1203 396 1319 454 doctore
1333 397 1371 453 sit
1384 397 1553 468 composito,
1577 412 1634 451 non
1650 393 1722 449 inibi
1734 399 1909 465 compertum

210 479 357 561 Ennnqetii
368 477 553 545 strictumque
570 488 728 529 sermonem
742 470 984 529 marcumunes
1003 468 1033 523 iii
1087 471 1141 523 est.
1157 468 1294 525 Pimteien
1310 470 1469 524 notandum
1485 473 1527 524 est
1554 466 1583 522 iii
1611 468 1713 523 Codice
1742 466 1855 523 liutoldi
1875 468 1910 523 id

211 552 316 608 Glossis
330 546 493 604 Philoxeni:
518 545 672 608 Notarius,
704 543 903 615 snt‘icppipec.
927 541 956 595 id
977 544 1032 604 est,
1089 537 1258 603 baecvorbn,
1274 540 1478 611 incensitujus,
1493 537 1839 610 supmriliujusciucem
1851 553 1910 595 esse

209 628 343 704 notorum
358 619 489 700 scriptur,
504 616 552 687 qui
563 615 724 696 u'Synesio,
739 614 883 694 epistsdl.
897 610 1036 736 ταχυγβὰ·
1088 608 1251 691 depictum:
1266 611 1397 667 similiter
1409 614 1446 667 ed
1461 611 1633 695 briensibus,¹
1646 609 1677 663 in
1692 608 1816 665 bonum
1828 609 1911 667 norm-

209 714 268 821 iti
281 683 978 832 tilitdtttttttut,tttiitl‘tttu
993 683 1035 809 li:
1089 687 1831 834 tuttttttttiitttt{titttttsttt:
1849 696 1912 751 ‘¹¹¹⁸‘

209 836 292 893 citur,
1126 823 1165 878 Oe
1181 824 1307 895 mysticis
1329 825 1402 883 cei-et
1433 823 1557 880 nsclinlis
1576 820 1832 895 significationibus
1845 837 1913 879 con·

243 908 386 963 Ceterum
399 902 428 957 iii
444 899 549 959 Ordine
568 901 708 977 lininsno,
725 894 753 951 in
769 895 918 952 Codicibns
932 895 1034 951 Rhem.
1090 893 1150 949 sule
1164 894 1323 959 Alcuinuin,
1340 843 1529 961 Amniiiriuui,
1549 893 1789 950 Bartholomcsuin
1804 892 1913 949 Girsu·

208 975 339 1059 einh
353 971 557 1036 Rutoldi,etin
572 969 741 1041 quibusdem
758 967 1035 1023 altissim-omenta-
1090 968 1162 1030 tuui,
1176 970 1205 1021 et
1219 972 1346 1032 caetcrns,
1361 966 1409 1038 qui
1424 968 1461 1022 dc
1474 965 1577 1022 ciliciis
1592 982 1642 1021 seu
1668 964 1766 1019 ritibus
1785 963 1915 1021 ecclesiu-

207 1049 259 1106 riis
273 1050 319 1103 bic
332 1051 401 1102 onte
412 1043 549 1099 lectiones
563 1044 656 1096 erstnt
666 1038 825 1095 benedictio
834 1039 907 1094 cerei
917 1038 1035 1108 posche-
1089 1035 1167 1091 sticis
1181 1038 1363 1109 scripserunt·

207 1120 253 1186 lis,
270 1119 351 1191 cuins
367 1113 536 1189 proludium
551 1120 596 1168 est
607 1112 761 1168 :Ersuttct
764 1111 826 1180 jum
838 1110 964 1180 cunctim
972 1114 1035 1164 tur·
1124 1107 1179 1163 Sed
1192 1123 1248 1163 uon
1262 1115 1329 1165 snut
1343 1104 1764 1165 omittendirilusbenedicendi
1774 1102 1917 1178 poscheriis

208 1191 397 1251 boemiorum,
412 1186 490 1257 quod
503 1183 618 1263 quidem
632 1184 725 1237 eistat
749 1180 779 1263 in
799 1181 918 1262 ,Ordine
942 1180 1033 1236 llissae
1089 1179 1161 1233 cerci
1175 1177 1264 1252 345
1290 1180 1337 1305 ‘ini
1363 1186 1477 1235 exstent
1501 1179 1530 1234 iu
1546 1177 1696 1234 Codicibus
1721 1172 1874 1233 tiheiiieusi
1887 1182 1917 1235 st

207 1250 1035 1325 Ambrosicnsi.sedrelinquulienediotionisiorinulnmul-
1088 1249 1213 1305 liutoldi.
1228 1253 1258 1305 ln
1278 1250 1296 1305 il
1310 1267 1327 1306 o
1339 1250 1455 1321 quidein
1471 1250 1511 1305 itii
1535 1249 1656 1305 habetur
1670 1268 1677 1303 :
1693 1249 1915 1329 Primitussenim

206 1339 269 1389 tuin
286 1330 437 1388 ebusitsts
461 1326 612 1396 discrepat.
643 1325 672 1378 ln
696 1322 845 1378 codicibus
868 1322 1035 1379 liodrudiet
1088 1326 1184 1375 octono
1194 1321 1262 1376 liora
1286 1323 1343 1377 disi
1360 1321 1660 1393 midinnteprocedunt
1679 1320 1718 1377 ud
1735 1321 1914 1375 ecclesiomet

206 1402 361 1461 Rhomensi
372 1398 497 1457 formula
505 1394 712 1453 benedictionis
724 1393 753 1449 in
765 1394 876 1449 duobus
896 1392 1032 1465 evulgari
1088 1393 1283 1461 incrediuntur
1297 1395 1327 1449 in
1345 1395 1507 1459 socrorium,
1524 1400 1548 1447 et
1564 1393 1683 1448 induunt
1696 1410 1723 1446 se
1738 1391 1915 1457 vestimentis,

207 1477 313 1539 differt,
329 1475 418 1545 primo
433 1469 500 1535 <iuis
514 1467 616 1523 diffuse
630 1465 699 1521 sotis
721 1481 808 1535 tipum
826 1464 926 1521 leudes
942 1481 1034 1534 persc-
1087 1462 1156 1517 sicut
1171 1480 1227 1518 mos
1241 1476 1277 1519 est
1289 1482 1299 1528 ;
1313 1470 1341 1518 ct
1365 1464 1463 1535 incipit
1476 1464 1563 1519 clerus
1586 1463 1723 1529 litaniam,
1748 1471 1771 1517 et
1791 1462 1916 1533 procedit

206 1547 304 1620 quitur
313 1545 343 1600 in
358 1539 573 1599 buncmodurn:
589 1537 604 1580 b
617 1541 692 1605 Apes
705 1538 816 1595 certeris
855 1551 900 1592 αα
910 1535 1035 1607 subjecto
1087 1533 1208 1589 sacerdos
1218 1534 1248 1591 de
1259 1536 1454 1591 sacrariorum
1466 1534 1610 1591 ordinibus
1617 1535 1720 1589 sacris:
1731 1535 1916 1593 ueniuntonts

205 1625 268 1677 sunt
281 1613 384 1672 tonost
394 1610 579 1670 animantibus
588 1607 724 1689 antecellit
740 1552 856 1688 (Vs'rpii.
868 1606 1032 1688 1VGW9·)·'
1087 1604 1186 1686 altore,
1201 1613 1274 1686 stunt
1289 1607 1420 1662 inclinato
1433 1607 1529 1676 cupite,
1546 1606 1698 1677 usquedum
1710 1605 1914 1675 dicoittslpnus

205 1707 265 1746 oum
278 1689 316 1744 sit
335 1686 452 1743 minimo
470 1682 594 1751 corporis
619 1685 766 1750 paruitate,
794 1684 914 1747 snpemes
926 1694 1034 1734 anemos
1050 1689 1072 1748 Β
1088 1675 1544 1733 Decliemdineni'enssoeerdosol
1555 1674 1914 1741 Orationemnditretroui-

205 1764 319 1832 enpusto
330 1764 419 1812 nersot
434 1755 463 1811 in
535 1749 1033 1820 ore‚'viribusimbeeillissedsnrtis
1088 1747 1913 1819 tore,occipiensdeluminequodseeto[erinobsconsumsuit

206 1828 400 1903 inpensioliisc
486 1830 568 1879 orato
587 1820 808 1901 temporumniee,
822 1836 884 1875 eum
903 1820 1034 1875 canitiem
1086 1819 1916 1891 faciemcrucemiupercereumctiliuminnnseusn,compie-

156 1924 161 1929 ·
204 1898 463 1976 pruinosubibernu
473 1900 637 1967 presumunt,
657 1899 681 1947 et
698 1892 818 1963 plumule
838 1892 944 1947 senium
956 1892 1034 1947 oerni
1087 1889 1187 1943 turbis
1197 1890 1385 1946 Orationibus.
1398 1890 1632 1947 lnhocierosic:
1648 1890 1725 1947 Horu
1738 1890 1916 1960 seetninpre·

205 1965 659 2045 temporismodcrotudstorserint,
672 1964 767 2019 stetim
779 1961 939 2033 prodeundi
947 1963 988 2017 od
995 1963 1034 2017 lc·
1087 1959 1186 2015 dictur
1192 1962 1318 2033 pontifex
1326 1963 1357 2016 in
1367 1962 1519 2017 sacrarium
1530 1979 1590 2017 cuni
1598 1963 1721 2029 teuitiset
1728 1961 1875 2025 ministris,
1887 1967 1916 2017 et

206 2043 294 2100 borsm
307 2036 715 2106 seminecessemineces
736 2050 786 2103 per
807 2049 896 2102 apros,
923 2033 1034 2089 libentis
1087 2031 1915 2097 induantsesnorisocstibus,rtordinentsesieutinerostiuo

203 2114 350 2189 pontoium
363 2110 468 2184 pennu,
489 2106 616 2183 cruribus
632 2106 767 2175 suspensis
787 2104 920 2185 insidunt,
928 2106 1033 2186 purtim
1087 2103 1131 2156 die
1145 2102 1254 2159 Pnseliie
1266 2104 1435 2188 continetur;
1449 2112 1476 2160 et
1484 2104 1701 2186 iubeutpuoquui'ri
1715 2120 1810 2185 nonum
1825 2104 1916 2173 iurem

204 2179 503 2311 uu
520 2174 1033 2327 ,⁶
1086 2174 1281 2301 mint
1303 2175 1916 2315 itu·

206 2325 342 2383 lostenoci
351 2316 1029 2395 plutinoinstrsunt,oiroeliquentsomeiiostipont,
1085 2316 1224 2371 scribatur
1244 2333 1332 2371 mnus
1353 2318 1475 2381 Domini,
1490 2324 1569 2388 utque
1592 2323 1653 2372 tet
1666 2324 1698 2381 ti,
1716 2324 1743 2372 et
1765 2325 1832 2371 tune
1848 2334 1915 2387 por·

205 2398 270 2454 alin
293 2401 404 2450 uertunt
417 2394 496 2463 tiores
516 2392 548 2445 in
567 2406 658 2445 cerum
675 2388 740 2445 otior
754 2404 800 2442 ore
820 2394 896 2443 notos
914 2388 1031 2457 finpunt,
1086 2395 1159 2443 tetur
1172 2403 1265 2445 cereus
1275 2396 1336 2443 unte
1348 2389 1498 2460 episcopum
1511 2406 1572 2444 cuni
1583 2390 1757 2459 processione,
1777 2405 1837 2443 cum
1850 2405 1915 2442 con·

205 2468 270 2525 ctioe
279 2467 394 2523 ecllectis
411 2462 514 2534 stoliis
532 2468 626 2516 nemor
650 2458 804 2515 includunt.
821 2458 843 2515 0
861 2474 921 2513 uere
945 2459 1030 2524 bento,
1085 2457 1216 2522 delubris,
1228 2466 1255 2513 et
1269 2459 1425 2523 thuribulis,
1438 2462 1591 2515 tomensine
1606 2460 1717 2515 lumine.
1731 2459 1916 2528 Etss'estipu·

205 2547 231 2596 et
242 2538 369 2596 omcmlis
382 2550 454 2606 opes,
468 2534 545 2603 eumn
558 2548 605 2587 nee
618 2546 711 2585 meum
725 2529 837 2585 munuli
859 2529 972 2597 niolont,
992 2532 1029 2600 sc·
1085 2536 1128 2585 tus
1140 2530 1248 2584 incedut
1266 2531 1403 2600 episcopus
1422 2532 1450 2584 in
1478 2531 1565 2585 medio
1578 2531 1665 2596 storo,
1680 2538 1706 2585 et
1726 2530 1766 2585 ibi
1787 2538 1914 2611 ponatur

205 2620 248 2669 tus
264 2611 466 2680 nonqucssont,
478 2621 525 2659 nec
539 2603 597 2673 filii
610 2601 752 2656 distruunt
775 2601 925 2657 costitotem
937 2617 947 2666 ,·
960 2603 1031 2657 sicut
1085 2616 1184 2655 cereus.
1200 2601 1347 2672 Episcopus
1360 2609 1449 2656 nutem
1469 2601 1550 2672 finito
1573 2603 1695 2656 oratione
1715 2609 1804 2672 percit
1818 2598 1854 2655 od
1868 2601 1913 2655 ot-

204 2678 520 2747 sunctoconeepitoirpo
543 2673 638 2729 Morio
657 2673 733 2743 oirpo
751 2673 864 2742 peperit,
881 2673 958 2742 sirpo
970 2689 1032 2743 pcr-
1086 2672 1243 2739 inmeriti·
1252 2672 1455 2727 boi-nuscionis
1478 2673 1575 2729 sedent.
1591 2671 1654 2727 Non
1672 2673 1797 2729 unuin
1820 2672 1857 2727 nd
1870 2689 1914 2728 se·

203 2753 313 2810 muniit.
327 2748 434 2807 Deinde
448 2745 596 2818 sequitur:
615 2745 711 2799 Oners
736 2742 812 2799 bento
835 2759 898 2806 noc,
914 2760 1030 2813 prenes-
1084 2742 1142 2797 deni
1156 2743 1411 2813 usqusodtempus.
1435 2743 1609 2799 dumdicot:
1631 2743 1729 2799 Gloria
1745 2743 1775 2797 in
1790 2742 1914 2799 enclesis

203 2824 331 2898 spolianti
346 2819 498 2892 AEppptios,
513 2821 566 2873 etc.
583 2815 713 2872 Secundo
725 2813 755 2869 iu
779 2814 836 2869 tine
851 2811 1031 2895 Benedictio·
1086 2812 1155 2868 Deo.
1169 2813 1233 2868 lnde
1255 2813 1337 2868 lenito
1345 2814 1483 2885 postulem
1510 2814 1720 2871 Benedictionsm
1744 2812 1915 2885 abepiscopo

204 2897 249 2953 nis
263 2894 432 2950 nominetur
453 2892 568 2945 tuntum
584 2901 669 2956 pape,
685 2885 765 2943 nulls
789 2889 936 2940 mentione
955 2885 1031 2941 luds
1085 2891 1127 2939 uit
1141 2884 1176 2938 od
1188 2900 1303 2948 cereum,
1316 2893 1341 2941 et
1352 2892 1492 2941 conseret.
1516 2886 1652 2941 Processio
1673 2903 1735 2941 nero
1755 2885 1860 2939 mittet
1871 2902 1911 2952 ss,

204 2965 339 3040 episcopi,
354 2962 440 3034 regis,
456 2964 506 3015 sut
517 2955 710 3029 imperatoris.
761 3025 767 3037 '
1082 2971 1149 3026 purs
1164 2956 1194 3010 in
1208 2956 1329 3019 deutero,
1347 2962 1372 3010 et
1382 2974 1448 3027 pnrs
1462 2958 1493 3012 in
1505 2957 1632 3012 sinistro.
1645 2955 1760 3011 interim
1775 2958 1915 3026 episeopus

186 3086 193 3099 ,
240 3038 331 3110 liujus
345 3028 552 3091 benedictionis
577 3027 651 3084 cerei
677 3029 787 3083 montio
811 3025 844 3083 lit
866 3024 895 3081 in
910 3024 1031 3083 concilio
1046 3046 1068 3107 C
1083 3026 1195 3083 sedsiido
1223 3026 1357 3083 benedicet
1371 3028 1458 3098 ipnein
1472 3035 1497 3082 et
1512 3030 1660 3095 incensum,
1675 3035 1705 3083 ut
1719 3027 1832 3083 audium
1856 3028 1916 3081 cir-

205 3108 344 3167 Tolelsuo
359 3121 397 3170 ii,
411 3120 475 3174 usp,
490 3103 508 3155 8
523 3117 529 3155 :
547 3099 705 3155 heremodii
719 3113 812 3153 cereus
825 3098 854 3152 in
866 3097 1031 3168 promeritis
1084 3104 1254 3153 eurmtontes.
1271 3098 1370 3153 Cereus
1386 3116 1447 3154 cero
1471 3116 1525 3154 non
1547 3099 1733 3163 illuminetur,
1749 3115 1830 3169 usquo
1842 3098 1915 3154 duris

203 3180 313 3238 Pcsetsoe
325 3176 398 3248 opud
412 3172 541 3247 mondum
554 3169 687 3227 uectum
711 3184 765 3223 non
789 3168 992 3238 benedicuntur,
1003 3173 1031 3224 et
1102 3169 1236 3224 eroenirit
1250 3168 1378 3225 diaconus
1401 3169 1474 3241 ignis
1495 3171 1634 3226 incendit.
1657 3170 1800 3227 Hactenus
1816 3171 1916 3227 codex

204 3268 255 3308 cur
265 3268 283 3305 α
293 3249 369 3305 noto
383 3241 739 3312 bensdimnturinquirunt,
754 3240 872 3321 Propter
884 3239 1031 3310 plurimum
1084 3185 1215 3319 iintoldn
1224 3240 1290 3294 llaec
1307 3248 1405 3295 sutem
1418 3242 1501 3296 uerbi
1515 3241 1544 3295 lii
1558 3240 1660 3297 Codice
1675 3240 1829 3297 Rbemensi
1838 3256 1914 3297 mm·

205 3324 277 3380 enim
294 3319 380 3375 noetis
398 3317 486 3389 ipsius
498 3318 694 3369 snernnmtnn
717 3311 874 3367 solemniter
892 3310 946 3365 linc
957 3314 1031 3365 berte·
1082 3311 1174 3381 pietur
1186 3311 1229 3365 ius
1245 3309 1430 3377 Orationibus,
1453 3310 1652 3383 intelliguntur
1672 3311 1707 3368 de
1727 3311 1916 3368 Orationibus

204 3395 330 3453 dicimus,
344 3398 375 3446 ut
397 3404 480 3443 socru
492 3383 707 3442 {insurrectionis
734 3382 839 3441 Christi
861 3382 1028 3451 mysterium,
1084 3380 1186 3452 quibus
1195 3382 1392 3452 supradictum
1407 3382 1496 3438 ritum
1508 3382 1651 3439 concludit
1664 3383 1822 3454 episcopus,
1838 3399 1915 3453 quis

205 3464 274 3539 qnod
287 3460 490 3544 temporsbsijss
500 3453 813 3537 notiooenootisodnsnit,
827 3453 857 3509 in
867 3452 1029 3507 Benedictio
1084 3451 1212 3534 sequitur
1225 3452 1299 3509 cerei
1313 3452 1489 3518 Benedictio,
1505 3454 1639 3519 uncum
1653 3458 1719 3519 etc,
1733 3471 1798 3524 quae
1811 3459 1916 3509 tumen

206 3553 238 3593 ne
253 3540 341 3591 nonen
355 3530 482 3587 Luminis
496 3541 684 3598 suscipiamus.
707 3525 749 3579 lto
769 3540 798 3579 iii
820 3525 946 3579 secunda
969 3524 1032 3579 lidi-
1084 3525 1191 3579 ibidem
1207 3540 1263 3579 uou
1279 3529 1400 3581 exstant.
1415 3525 1490 3580 Ordo
1506 3524 1694 3595 processionis
1707 3527 1744 3581 ed
1756 3525 1848 3580 altore
1860 3525 1913 3596 qui

204 3608 283 3664 tione
295 3602 401 3660 Gorsiae
417 3619 424 3667 ;
441 3616 510 3657 nom
525 3598 554 3655 in
573 3596 704 3668 primori
718 3595 827 3651 Possim
841 3594 1029 3661 desideretur,
1085 3595 1131 3649 hic
1144 3594 1307 3665 precipitur
1319 3595 1348 3649 in
1360 3594 1462 3651 Codice
1482 3595 1604 3660 tietuini,
1630 3596 1698 3655 utin
1715 3596 1841 3652 cristine
1857 3598 1913 3650 Pii-

205 3678 256 3736 sed
270 3691 373 3749 pirrum
387 3673 485 3738 refert,
498 3668 640 3740 siquidem
655 3666 804 3748 sequentia
818 3665 889 3748 satis
902 3666 1033 3723 indicunt
1085 3666 1396 3791 solimhobctursussio
1411 3668 1448 3722 od
1463 3666 1549 3723 finem
1564 3667 1626 3722 libii
1642 3669 1910 3723 sacramentorum.

204 3761 419 3806 canonemesse
434 3745 469 3799 de
484 3739 558 3796 cerei
577 3736 1032 3795 PaschulisBenedictioneintel·
1085 3737 1182 3792 Oratio
1194 3739 1276 3810 cujus
1290 3742 1333 3795 est
1365 3738 1784 3809 icmeutioestprimoblissie
1798 3738 1912 3795 Oratio.

204 3821 360 3893 lignidum,
733 3880 735 3885 ,
1085 3807 1230 3863 Processio
1244 3824 1309 3878 quos
1323 3810 1406 3863 debet
1412 3809 1549 3865 diridiest
1560 3816 1649 3865 ooetus
1666 3811 1911 3881 prosbyterorum,

241 3892 320 3946 Hunc
335 3882 544 3944 institutionem
558 3879 704 3943 illcuinus,
719 3878 768 3935 lib.
782 3878 819 3933 de
836 3877 944 3935 Officiis
959 3877 1032 3934 diii·
1085 3878 1270 3933 diaconorum
1282 3882 1311 3933 et
1321 3879 1529 3945 ministrorum,
1549 3881 1597 3951 qui
1609 3881 1740 3936 oouiitnti
1754 3885 1912 3936 sunteum·

205 3948 1030 4096 incrudesceretintuitur,ltu
1083 3949 1913 4092 iiziruiniiiuicutttsiirtuutu

205 4107 274 4161 dum
288 4069 512 4158 molimentibus
537 4093 585 4165 qui
605 4093 685 4148 illum
707 4091 823 4149 Zosimo
837 4090 1031 4161 antiquiorem
1083 4091 1197 4147 ridetur
1211 4095 1403 4163 proponendis
1418 4094 1558 4164 particulo
1570 4095 1620 4149 ito.
1713 4066 1720 4093 ’
1901 4064 1914 4094 ’

206 4191 268 4232 esse
279 4170 466 4231 contendunt,
483 4167 559 4249 quod
571 4168 662 4220 exstet
679 4164 754 4233 opud
771 4161 965 4227 prudentium,
973 4161 1032 4289 dui
1105 4165 1152 4243 ⁸lii
1167 4164 1272 4243 Ordine
1285 4165 1414 4220 liomnno
1428 4170 1495 4221 sunt
1508 4165 1555 4219 ulii
1566 4165 1638 4221 ritus
1652 4164 1796 4236 quietioris
1812 4167 1851 4221 eb
1861 4164 1914 4220 ho·

207 4250 276 4302 inte
288 4242 435 4299 zosimum
456 4238 562 4301 floruit,
585 4235 602 4291 b
624 4249 708 4289 ninus
732 4234 768 4289 de
783 4248 866 4291 cereo
883 4233 971 4305 poscb
1001 4249 1029 4299 13
1084 4233 1191 4290 diernis
1205 4235 1377 4306 discrepant,
1393 4238 1468 4292 inter
1481 4252 1553 4306 qnos
1576 4237 1623 4292 ille
1636 4242 1696 4295 est:
1713 4253 1781 4291 noni
1799 4242 1830 4291 ut
1853 4236 1913 4307 pri-

206 4318 256 4373 sed
270 4311 417 4369 immerito
437 4324 528 4366 :cuin
543 4306 590 4365 iile
603 4251 730 4385 iyiunus
752 4320 810 4360 oon
833 4307 878 4359 est
890 4305 926 4360 de
949 4320 1031 4386 cerco
1085 4322 1164 4363 muni
1185 4306 1314 4376 pontifex
1331 4322 1345 4362 e
1363 4306 1488 4362 sacrario
1506 4307 1651 4378 processit,
1674 4308 1838 4365 recenditur
1891 4305 1914 4362 i-

205 4384 344 4460 psschsli,
370 4382 420 4438 sed
446 4379 571 4451 hymnus
582 4379 773 4459 'vespertinus
791 4378 837 4457 est
860 4374 896 4431 de
911 4375 1030 4456 lumine,
1048 4402 1068 4460 D
1085 4377 1154 4432 duni
1169 4393 1267 4432 cereus
1279 4377 1307 4431 in
1322 4377 1383 4433 lnco
1397 4380 1516 4442 innodo,
1530 4384 1559 4435 et
1570 4378 1710 4450 pontifex.
1725 4379 1784 4439 sire
1795 4394 1861 4449 pies
1879 4397 1913 4459 J·

225 4459 282 4514 uod
295 4455 365 4512 olim
381 4467 497 4523 vespere
511 4447 637 4520 quotidie
648 4462 678 4502 in
694 4446 820 4527 Ecclesiii
831 4446 1032 4518 solemnique·
1085 4453 1129 4504 ter
1144 4447 1251 4505 ticieus
1263 4465 1424 4519 supereum
1434 4465 1558 4516 cruceni,
1574 4451 1790 4509 benediciteuin
1806 4449 1914 4507 humili

205 4476 275 4587 ium
294 4526 351 4583 ritu
367 4522 585 4585 accendebstur,
608 4523 640 4573 ut
655 4518 716 4577 fuse
739 4519 889 4572 docuimus
916 4518 953 4572 sd
974 4520 1028 4587 §z
1085 4534 1162 4583 voce,
1176 4518 1274 4574 scholii
1284 4518 1400 4576 intertui
1413 4524 1549 4577 contante
1560 4526 1670 4592 septeni
1681 4520 1809 4579 Psalmos
1819 4521 1914 4591 poeui·

204 4617 269 4672 cip.
296 4598 341 4663 tlt,
370 4594 526 4653 Concordes
541 4588 716 4671 regulorum.
742 4588 798 4644 Sed
819 4587 956 4658 quidquid
983 4588 1030 4656 sit,
1085 4589 1193 4655 lentico,
1208 4589 1264 4645 hoc
1274 4592 1360 4647 inodo
1369 4591 1523 4663 incipiens:
1539 4591 1841 4656 uominusvcbtscum,
1854 4597 1913 4649 ele.

205 4672 279 4729 ritus
293 4684 362 4725 ssiie
378 4666 513 4737 unuquns
531 4667 584 4727 est,
606 4660 747 4742 siqnidem
768 4658 845 4729 apud
868 4659 1031 4741 Ennodiuin
1085 4661 1214 4716 Oreinus.
1229 4661 1304 4717 Deus
1327 4664 1428 4719 mundi
1444 4664 1583 4729 conditor,
1599 4668 1699 4720 auctor
1712 4663 1841 4721 luminis.
1854 4667 1911 4719 etc.

206 4742 386 4800 Ticinensem
396 4737 573 4811 episcopum,
584 4748 633 4803 qui
646 4732 717 4812 obiit
728 4734 874 4801 suoopost
886 4730 1031 4812 Christum
1085 4733 1152 4798 Quae
1164 4732 1324 4789 benedictio
1338 4733 1427 4789 etium
1441 4733 1563 4791 hebetur
1576 4734 1606 4790 in
1623 4734 1709 4793 reteri
1723 4734 1796 4791 libro
1811 4735 1915 4790 Sucro-

205 4818 307 4870 nctum
320 4810 383 4879 tit,
400 4811 464 4865 duae
484 4805 557 4862 cerei
572 4801 713 4884 paschalis
727 4804 838 4883 exstant
856 4801 1032 4858 Benedictio·
1085 4809 1249 4858 mentorum
1266 4820 1332 4873 ms,
1345 4806 1427 4878 cujus
1447 4804 1518 4860 mihi
1534 4807 1646 4877 copiam
1671 4806 1737 4863 lecit
1750 4806 1794 4861 vir
1806 4805 1915 4863 docus·

206 4900 257 4942 nes
269 4880 393 4955 eleganti
414 4895 485 4935 sone
499 4876 577 4956 stylo
594 4876 759 4944 conscriptos
778 4888 808 4927 iii
823 4871 966 4944 opusculis
979 4873 1031 4927 nii·
1084 4873 1174 4931 simus
1187 4876 1271 4931 loon.
1290 4878 1431 4933 unbertus
1447 4877 1611 4934 littercruin
1634 4878 1795 4937 uminum
1816 4876 1915 4948 regius

205 4953 355 5015 scettsnets
374 4952 436 5007 Oet
457 4949 502 5014 lO,
531 4947 632 5028 quibus
651 4950 748 5000 tumen
768 4943 1032 5026 nonpraemittitui
1085 4945 1235 5028 interpres,
1252 4951 1281 5005 et
1301 4948 1425 5030 succedit
1435 4949 1547 5030 uulgari
1570 4949 1644 5005 cerei
1667 4948 1916 5021 poscbclislieue·

206 5014 1032 5158 :tristitiisPutitii,ttlttitttdtlt‘!
1085 5017 1915 5162 tituli.dlitttptdtltdttutttltttitut:

243 5223 297 5279 tln
323 5218 387 5275 Edit
405 5231 485 5281 uois,
513 5220 587 5268 tomo
607 5212 641 5275 It,
664 5209 719 5267 col.
738 5209 800 5271 oui.
825 5208 944 5280 explicit
966 5226 1029 5264 sun·
1121 5208 1224 5265 Theod.
1241 5211 1276 5265 At
1290 5211 1317 5266 in
1336 5210 1440 5271 Gemit.
1460 5212 1591 5286 prolixior
1619 5220 1662 5271 cst
1676 5212 1712 5270 nb
1739 5212 1783 5270 bis
1810 5213 1915 5285 verbis,

206 5299 267 5353 clus
284 5293 384 5348 Ductor
413 5287 514 5342 Psalm.
537 5299 612 5343 xcii.
631 5289 657 5337 et
671 5279 707 5336 ud
732 5280 805 5334 huno
817 5296 948 5335 uersum:
970 5282 1033 5335 lin·
1086 5282 1155 5352 opii,
1172 5283 1240 5345 sire,
1256 5288 1286 5335 nt
1297 5282 1396 5355 tegitur
1410 5286 1437 5338 in
1451 5303 1514 5356 ins,
1529 5303 1591 5354 opes
1616 5290 1704 5342 muter
1726 5286 1831 5349 educit,
1843 5284 1917 5339 mul.

206 5361 462 5441 punmeucnlomus
476 5355 581 5412 scrt'bae.
602 5353 734 5435 ete3sit:
756 5352 919 5407 uersantem
937 5352 1034 5423 linquo
1086 5358 1167 5424 tuque
1187 5353 1481 5428 attexunturinnpuin
1506 5358 1621 5413 lundein.
1651 5356 1680 5411 ln
1706 5362 1760 5413 ret.
1789 5357 1914 5412 sucrum.

206 5442 237 5495 in
250 5430 462 5494 similitudinem
475 5428 571 5483 scribis
584 5426 694 5492 uelocis,
717 5438 798 5494 quem
821 5425 962 5479 notorium
973 5439 1034 5492 pos·
1087 5421 1199 5503 linitio,¹
1213 5424 1246 5504 de
1257 5424 1338 5495 cujus
1350 5426 1509 5499 antiquitate
1524 5429 1638 5484 consule
1650 5428 1849 5499 btibittonium,
1860 5428 1919 5485 llu-

205 5523 299 5567 sumus
312 5503 475 5572 intellipere,
486 5497 614 5570 quodum.
628 5502 681 5552 etc.
739 5563 744 5574 ι
1087 5509 1126 5549 sei
1142 5494 1227 5550 ttulici
1244 5504 1310 5552 toui.
1333 5495 1354 5562 l,
1379 5504 1455 5568 purte
1475 5514 1506 5567 ii,
1525 5499 1625 5572 legitur
1646 5516 1652 5554 :
1669 5497 1828 5554 Benedictio
1843 5498 1917 5554 cerei

243 5579 372 5633 blicdem
383 5574 512 5650 leguntur
525 5574 584 5625 tuin
609 5568 637 5622 in
654 5570 761 5647 niostus
785 5559 853 5646 Cod.
881 5578 960 5629 mss„
975 5567 1033 5644 luni
1088 5565 1174 5620 sconti
1189 5566 1335 5647 Augustini
1351 5568 1482 5641 episcopi,
1500 5586 1581 5641 quoin
1597 5587 1657 5626 cuni
1674 5570 1766 5627 adhuc
1780 5568 1917 5637 diaconus

207 5647 235 5705 in
250 5646 408 5705 Missilibus
427 5641 545 5699 Gothico
564 5644 592 5696 et
612 5637 752 5695 Gallicano
779 5636 861 5693 editis
884 5651 902 5692 s
924 5634 1031 5692 Mobill.
1087 5642 1170 5703 esset,
1185 5637 1285 5694 cecinit
1308 5634 1402 5694 dicens
1426 5657 1433 5696 :
1457 5640 1591 5711 Emollit,
1613 5648 1684 5713 etc„
1711 5646 1741 5697 nt
1760 5640 1790 5697 in
1813 5638 1916 5709 udins,

207 5718 257 5779 lib.
277 5719 311 5773 de
325 5716 430 5787 liturg.
446 5711 541 5769 Guttic.
786 5776 793 5790 ι
873 5776 878 5786 ,
1088 5706 1226 5766 nonnullis
1235 5713 1324 5766 temen
1339 5708 1451 5771 suctus.

270 5786 384 5867 Legitur
407 5785 500 5845 eudem
532 5780 589 5839 iere
620 5780 652 5836 iu
688 5778 795 5838 calensi
823 5781 849 5834 et
871 5790 900 5833 ui
928 5774 1034 5834 duobus
