4052 6186
266 206 329 307 ⁸tn

1171 48 1176 57 ,
1234 46 1247 57 ,Ἴ
1290 3 1469 66 “M
1562 18 1570 31 “
1666 25 1670 33 “

859 218 1022 302 'suanm
1041 224 1215 303 cumcun
1234 240 1353 311 uuam
1412 186 1419 197 .
1894 260 1939 323 m

271 373 388 444 Antiple.
406 374 472 426 Ant.
488 372 518 426 lu
538 369 584 425 die
603 368 817 425 resurrectionis
842 385 924 433 meae,
944 370 1019 427 dicet
1038 372 1092 426 Do·
1108 377 1133 437 Α
1152 376 1186 429 Et
1200 376 1317 434 intravit
1328 397 1392 435 cum
1418 380 1483 445 illis,
1497 384 1525 436 et
1536 372 1644 436 iactum
1660 386 1702 437 cst
1715 399 1779 439 cum
1793 390 1941 449 recumberet

272 448 376 506 minus,
392 442 508 497 alleluia
523 459 528 496 :
545 443 724 512 congregabo
739 446 847 511 gentes,
862 448 890 496 et
905 442 1037 513 colligam
1052 460 1094 498 re·

270 531 339 586 gna,
352 518 380 569 et
393 514 538 568 citandam
549 530 632 583 snper
643 529 804 581 vosaquam
815 514 1090 569 irruendemalteluia.

271 588 354 654 Qucum
370 593 399 639 nt
413 585 538 654 perierint
561 586 627 638 eiecit
653 586 759 653 primns
780 583 877 638 scholae
903 584 1018 638 alleluia
1032 602 1094 639 eum

269 658 345 712 Psal.
365 657 500 717 Laudato,
517 656 606 725 pueri,
631 655 795 711 Dominum.
818 672 844 708 se
864 655 941 708 nitar
960 655 1039 709 allel.
1063 657 1093 710 lu

272 727 710 797 droantthtriusuynsmm.
738 730 810 788 etc,
837 674 914 795 Auito
937 727 1094 849 ordinepno

270 814 365 867 supra.
378 799 473 853 Postea
485 800 608 868 seqnitur
620 797 730 850 eliaroni
744 798 875 851 secandus
891 800 920 849 in
932 798 1043 866 Deranqe
1057 799 1092 853 io.

270 871 339 925 Ant.
361 869 460 923 Venite
476 874 504 924 et
520 869 611 923 ridete
629 870 722 921 locum
738 868 782 921 ribi
799 868 906 937 positus
921 874 984 921 erat
998 868 1092 921 Domi·

271 957 335 999 nus.
362 939 487 994 alleluia.
515 941 615 992 Deinde
639 941 711 992 (licat
734 938 853 991 sacerdos
878 940 1044 1001 Orationem,
1067 946 1093 993 et

271 1019 335 1067 tunc
343 1012 443 1065 cendant
455 1011 490 1063 nd
499 1018 619 1064 sanctuni
627 1010 758 1063 Joartnene
771 1009 827 1062 aad
837 1016 942 1072 vestem,
951 1017 1088 1065 canentes.

271 1083 337 1137 Ant.
352 1083 486 1151 Lapidem
500 1099 585 1151 quem
600 1083 822 1150 reprohnrerunt
834 1080 1015 1137 aedificantes.
1028 1079 1094 1134 alle-

271 1154 340 1209 lnia.
350 1154 400 1206 Hic
413 1152 590 1206 iactusestin
602 1156 687 1221 eaput
697 1151 803 1220 anguli.
817 1150 971 1205 ADomino
986 1151 1093 1205 iactum

271 1230 316 1280 cst
328 1225 412 1287 istud,
425 1228 453 1276 et
467 1228 510 1276 est
529 1222 659 1276 mirabile
685 1222 712 1274 io
728 1221 816 1275 oculis
837 1220 951 1285 nostris,
968 1222 1092 1289 alleluia,

273 1294 397 1349 alleluia.
412 1294 512 1348 Deinde
526 1292 641 1347 alleluia
656 1310 714 1346 cunt
741 1293 817 1347 Psoi.
836 1298 864 1346 ln
891 1292 967 1345 exitu
996 1294 1091 1347 lsrael.

272 1366 377 1421 Deinde
388 1366 494 1435 primus
508 1366 607 1420 sctrotae
618 1364 686 1417 dicit
712 1381 770 1417 euni
789 1379 880 1432 pueris
896 1362 974 1417 allel.
994 1362 1094 1417 Venite

272 1437 446 1492 exsultemus
456 1436 588 1490 Domino.
602 1434 676 1489 Vers.
687 1435 961 1504 t.Praeoccupemus.
984 1435 1056 1487 tere.
1066 1434 1092 1490 Ξ.

270 1507 360 1563 Hodie
376 1507 399 1560 si
412 1522 509 1560 vocem
528 1505 651 1560 Domini.
663 1505 725 1559 Post
739 1506 806 1559 lianc
819 1506 941 1574 sequitur
955 1504 1093 1560 diaconus.

270 1578 337 1634 Ant.
351 1577 412 1632 Cito
427 1582 538 1644 eunice,
564 1575 648 1631 dicite
670 1574 815 1645 discipulis
827 1575 894 1645 qnia
908 1575 1030 1630 surrexit
1042 1575 1094 1629 Do-

271 1650 377 1713 minus,
393 1647 516 1707 atleluia.
534 1646 657 1702 alleluia.
670 1647 774 1700 Deinde
784 1653 842 1700 oret
854 1662 960 1716 semper
973 1647 1029 1700 sinc
1040 1647 1094 1716 Ky-

271 1720 312 1775 rie
326 1720 443 1774 eleison.
460 1720 497 1771 Et
512 1726 576 1772 tecue
590 1717 713 1771 reiectantb
727 1717 762 1770 ad
773 1724 895 1771 sanctum
909 1716 1130 1791 Andreamadss

272 1807 385 1853 cruce-m,
401 1797 534 1843 canentes.
550 1792 619 1845 sint.
637 1788 698 1841 Vidi
720 1805 826 1857 aquam
853 1787 1048 1857 egredientem
1059 1788 1094 1842 dc

271 1862 380 1931 templo
396 1878 412 1914 a
426 1861 514 1914 latere
527 1860 636 1924 dextro,
651 1857 782 1912 alleluia:
798 1864 826 1913 et
846 1875 946 1914 omnes
970 1860 1007 1913 ad
1024 1875 1095 1929 qnos

272 1932 402 2004 pervenit
416 1947 490 2000 aqua
502 1931 565 1986 ista.
580 1929 725 1984 salvit'acti
736 1933 812 1991 sunt,
826 1928 952 1997 alleluia,
968 1929 1092 1984 alleluia.

197 2050 202 2057 .
273 2006 334 2059 Post
349 2003 395 2055 hoc
408 2001 511 2065 dicant,
538 2000 654 2056 alleluia
692 2000 781 2054 Dilexi
802 2000 939 2070 quoniam
964 2002 1097 2056 exaudiet

275 2073 424 2128 Dominus.
442 2072 498 2137 Quo
509 2072 586 2141 finito
603 2072 709 2141 prieneus
722 2071 818 2125 scholae
842 2072 939 2142 incipit
963 2071 1091 2127 alleluia.

274 2144 375 2200 Venite
389 2145 574 2211 esxaltemus,
588 2150 618 2196 ut
631 2159 726 2213 supro.
743 2144 809 2196 Ant.
824 2143 884 2198 Cito
898 2148 998 2198 euntes
1013 2142 1096 2197 dicite

276 2215 429 2286 discipulis.
445 2215 558 2268 Deinde
573 2214 649 2268 Orat.
668 2213 769 2267 Deinde
794 2214 954 2267 descendunt
968 2215 1097 2285 primates

276 2288 391 2342 ecclesiae
400 2286 435 2338 nd
446 2284 606 2349 accubitum,
624 2285 755 2338 ericitnnte
770 2288 880 2338 notorio
891 2285 1060 2348 vicedomini,
1072 2290 1097 2338 et

276 2358 368 2411 hibunt
382 2368 394 2397 ⁰
409 2364 450 2409 ter
461 2356 493 2408 de
508 2356 597 2409 Gracc
612 2357 674 2408 uino
693 2357 833 2423 depactissi
859 2362 882 2409 et
898 2356 929 2407 de
948 2363 1093 2424 procantu.

274 2428 416 2497 Postquam
429 2426 543 2480 diderint
561 2443 649 2479 omnes
672 2424 824 2495 presbyteri
846 2432 872 2481 et
889 2443 977 2483 omnes
991 2426 1100 2480 diaconi

274 2516 321 2555 eeu
335 2498 500 2564 subdiaconi,
513 2498 553 2550 net
567 2514 655 2551 omrree
669 2496 770 2566 acolyti
784 2513 834 2566 per
854 2497 972 2568 sinqaloc
993 2498 1098 2559 titulos,

274 2571 386 2625 redeant
400 2570 435 2622 ad
452 2567 606 2639 sariendam
627 2568 900 2637 tenerescentium
912 2568 943 2622 de
955 2568 1017 2621 dcto
1043 2584 1100 2622 res·

275 2641 372 2713 opteri.
390 2639 453 2695 He’c
467 2641 540 2693 ratio
551 2656 602 2709 per
623 2646 705 2693 totam
730 2639 918 2694 heddomadam
942 2586 1100 2695 serenillae

274 2728 358 2783 usque
369 2714 398 2766 in
407 2711 576 2766 Durnirricam
589 2710 620 2764 in
636 2710 728 2769 Athis.

292 2811 383 2885 786
396 2811 481 2867 Perta
495 2808 614 2863 secanda
628 2825 711 2879 super
725 2808 982 2880 Inor'tatorianaper
1001 2815 1082 2863 totam

506 2880 706 2936 heddomadam.
727 2879 865 2935 Alleluia.

311 2978 414 3037 Psalm.
434 2979 506 3034 Cum
520 2977 697 3032 invocarem.
717 2977 792 3031 Psoi.
808 2977 899 3031 Verba
914 2994 991 3033 mea.
1019 2977 1095 3032 Psal.

276 3052 408 3114 Domine,
423 3066 459 3105 ne
474 3050 503 3103 io
515 3050 622 3104 lurore.
642 3047 718 3104 Vers.
732 3048 860 3103 Surrexit
870 3048 1007 3103 Dominus
1023 3065 1097 3103 rere.

1150 463 1213 528 cnm
1230 448 1295 511 illis,
1312 453 1421 577 accepit
1432 469 1545 527 panem,
1558 454 1699 508 benedixit
1712 472 1745 509 ae
1761 456 1849 528 tregit,
1859 466 1882 513 et
1893 478 1941 530 por·

1149 520 1259 589 rigebat
1274 522 1339 585 illis,
1353 525 1379 578 al
1393 524 1477 578 eluia.
1488 526 1554 578 Ant.
1569 524 1652 579 Mane
1665 527 1819 593 nobiseum,
1830 533 1941 599 qnoniam

1148 592 1368 714 pqresperascit,
1385 601 1413 650 et
1427 595 1564 650 inclinata
1576 597 1691 668 estjam
1708 597 1777 663 dies,
1793 599 1905 669 alleluia,
1913 606 1942 658 at·
1995 664 1997 709 ᾗ

1159 678 1174 715 θ
1188 678 1244 717 nra.

1166 758 1270 814 iterum
1284 760 1320 815 ad
1329 762 1496 817 Lateranum
1507 763 1603 818 ordine
1614 782 1664 835 quo
1678 782 1762 836 snpra
1773 766 1817 822 leis
1834 768 1930 825 alleluia
1995 804 1996 817 .

1360 834 1471 888 nectutis
1488 841 1543 901 post
1558 836 1695 890 Psalmunr
1707 852 1762 891 cur.
1995 832 1996 849 ¹

1183 929 1314 985 Alleluia.
1328 931 1618 1002 hornineuemgium.
1632 934 1942 1005 versemusqosmmon·
1995 952 1997 991 t

1147 1003 1200 1055 tes.
1215 1001 1282 1055 Ant.
1297 1002 1396 1057 Nonne
1411 1002 1450 1057 sic
1461 1003 1651 1073 oportuitpcti
1661 1005 1813 1069 Christum,
1823 1009 1942 1064 etintrare
1995 1016 1996 1083 ζ

1148 1071 1177 1124 in
1191 1072 1312 1141 gloriam
1329 1089 1422 1135 suam,
1438 1074 1563 1129 alleluia.
1581 1077 1654 1129 Data
1667 1075 1793 1130 Oratione
1804 1077 1942 1134 desceirdant
1995 1108 1996 1125 ι

1147 1142 1346 1223 αά[οννίθεθθνν
1361 1145 1467 1212 Antiplr
1494 1144 1630 1215 Lapidem
1646 1163 1731 1216 quem
1747 1150 1942 1217 reprohaverunt
1995 1156 1997 1195 l

1147 1214 1331 1277 aedificantes,
1348 1222 1373 1269 et
1384 1216 1462 1285 reliq.
1478 1216 1581 1270 Deinde
1600 1224 1660 1287 past
1682 1217 1759 1273 Psoi.
1774 1233 1825 1273 cxu
1843 1223 1943 1289 seqm'tar

1148 1283 1294 1339 alleluiati
1310 1286 1624 1356 Opymeuonthomcte.
1642 1288 1934 1373 VeraApolonetthrp

1148 1358 1218 1412 tom.
1235 1359 1288 1410 etc.
1304 1356 1374 1412 Ant.
1395 1358 1594 1428 Cognooernnt
1609 1358 1773 1425 Dominum,
1796 1360 1905 1425 alleluia,
1921 1379 1942 1416 ru

1149 1424 1286 1481 fractione
1302 1427 1394 1496 pecie,
1404 1428 1637 1484 alleluia.Etdata
1653 1430 1943 1502 OratianecamAntipt.

1147 1496 1225 1566 quale
1240 1497 1365 1561 uoluerit,
1381 1499 1548 1554 descendant
1563 1499 1598 1553 ud
1609 1507 1733 1556 sanctum
1753 1502 1888 1567 Andrean,
1900 1503 1945 1557 dic·

1149 1575 1223 1638 taque
1230 1568 1341 1622 Psalmo
1355 1585 1429 1633 extri,
1442 1571 1570 1641 sequitur
1584 1570 1710 1627 alleluia.
1729 1572 1759 1626 ln
1786 1573 1854 1628 exitu
1868 1574 1943 1630 lsrael.
1995 1548 1996 1613 l

1154 1640 1229 1694 Vere.
1249 1644 1271 1695 t.
1288 1641 1373 1695 Facta
1388 1645 1430 1695 est
1443 1642 1553 1696 tudae.
1578 1642 1652 1697 Vere.
1666 1643 1693 1697 ἓ.
1712 1646 1786 1699 Marc
1805 1643 1876 1700 ridit.

1149 1903 1270 1968 Simoni,
1284 1903 1407 1959 alleluia.
1421 1904 1551 1975 Sequitur
1562 1907 1666 1962 oratio.

1465 2003 1548 2057 Ferin
1563 2005 1657 2060 tertia.

1184 2098 1258 2153 Psot.
1276 2097 1394 2153 Domine
1410 2099 1484 2155 Deus
1498 2118 1588 2157 meus.
1601 2100 1675 2155 Psal.
1696 2100 1816 2160 Domine
1835 2103 1944 2159 Dominus

1150 2175 1257 2225 noster.
1276 2170 1351 2234 Psoi,
1365 2171 1393 2224 ln
1410 2171 1531 2226 Domino
1546 2172 1668 2228 confido.
1687 2172 1763 2228 Vers.
1780 2176 1944 2231 Surrexittlo·

1151 2241 1246 2295 minus
1262 2257 1334 2295 rere.
1351 2243 1431 2312 Hesp.
1444 2242 1552 2298 l'irtute
1565 2260 1669 2315 magua
1685 2246 1842 2301 reddebant
1850 2245 1944 2316 apostoli

1151 2311 1348 2367 testimonium
1362 2314 1577 2369 resurrectionis
1590 2316 1655 2369 iesu
1671 2316 1776 2371 Christi
1791 2317 1891 2371 Domini
1909 2332 1945 2370 no

1152 2383 1214 2449 stri,
1228 2382 1354 2438 alleluia.
1379 2384 1452 2439 Vere.
1469 2385 1500 2438 ln
1516 2402 1633 2441 omnem
1653 2392 1763 2442 terrem
1783 2388 1862 2442 exirit
1879 2404 1944 2443 sonus

1153 2471 1266 2509 corum.
1283 2455 1366 2524 Resp.
1386 2456 1522 2510 Tulerunt
1539 2456 1694 2511 Dominum
1716 2474 1821 2522 meum,
1835 2464 1860 2514 et
1873 2459 1945 2513 nescio

1154 2526 1200 2580 ubi
1216 2530 1371 2594 posuerunt
1381 2542 1457 2580 eum.
1467 2527 1514 2581 Ait
1524 2526 1549 2582 ei
1560 2529 1680 2598 angelus
1696 2529 1944 2591 :Notitlerellaria

1154 2595 1280 2651 Surrexit
1291 2594 1365 2649 sient
1379 2596 1458 2665 dixit,
1483 2598 1625 2668 praecedet
1639 2615 1690 2653 vos
1707 2600 1736 2654 in
1763 2600 1900 2664 deliteam,
1918 2598 1946 2654 ihi

1154 2684 1220 2722 enm
1235 2666 1378 2732 videbitis,
1403 2667 1528 2735 alleluia,
1544 2669 1672 2725 alleluia.
1701 2670 1774 2726 Vere.
1793 2672 1849 2726 Cito
1869 2676 1946 2727 euntes

1154 2738 1239 2795 dicite
1254 2737 1399 2808 discipulis
1410 2739 1472 2809 ejus
1484 2741 1601 2795 etPetro
1614 2740 1681 2812 quia
1694 2742 1813 2797 surrexit
1827 2742 1945 2797 Dominus.

1153 2809 1308 2865 Praecedct.
1333 2809 1410 2890 Resp.
1426 2811 1586 2881 Expurgate
1601 2817 1680 2867 vetus
1694 2812 1857 2869 termentum
1870 2811 1947 2867 utsitis

1155 2897 1228 2935 nora
1242 2896 1406 2949 conspersio
1418 2900 1425 2946 ;
1435 2881 1542 2936 etenim
1550 2882 1657 2938 Pascha
1667 2890 1799 2939 nostrum
1810 2883 1946 2941 immolatus

1154 2956 1198 3008 est
1210 2950 1349 3006 Christus.
1365 2956 1460 3021 ltaque
1474 2954 1623 3022 epulemur
1641 2954 1669 3007 in
1688 2955 1819 3019 Domino,
1841 2954 1942 3011 alleluia.

1161 3024 1234 3076 Vers.
1249 3023 1309 3076 Non
1326 3022 1354 3076 in
1368 3022 1510 3078 termento
1525 3023 1642 3078 malitiae
1658 3029 1687 3079 et
1708 3027 1844 3097 nequitiae,
1865 3026 1907 3082 sed
1924 3024 1945 3078 io

283 3125 360 3180 Vere.
381 3123 410 3176 ln
443 3119 649 3175 resurrectione
672 3124 733 3175 tua.
763 3119 884 3174 Christe.
910 3121 993 3189 Iiesp.
1012 3099 1135 3173 illariaC
1155 3091 1644 3165 udffllssmcelllalssellefllfllls·
1660 3096 1773 3167 ltaque·

278 3192 456 3263 Magdalcne,
471 3190 601 3245 etaltera
616 3189 706 3244 Maria
716 3189 795 3243 ihaut
808 3190 932 3244 diluculo
948 3191 983 3244 ad
1000 3206 1100 3243 monu-

278 3269 418 3320 mentum.
436 3264 625 3331 tecumquem
638 3260 764 3330 quaeritis
777 3277 835 3314 non
848 3265 891 3314 est
900 3260 944 3314 hic
956 3277 963 3325 ;
977 3260 1100 3318 surrexit

279 3336 352 3392 sicut
365 3336 473 3388 locutus
484 3338 535 3396 est,
553 3334 693 3403 preeredet
708 3348 756 3385 vos
770 3332 798 3386 in
808 3331 975 3393 Geelileeam,
986 3331 1023 3386 ibi
1036 3349 1099 3386 eum

278 3405 420 3472 videbitis,
435 3404 559 3467 alleluia,
577 3403 701 3458 alleluia.
720 3402 796 3459 Vere.
812 3404 872 3457 Cito
896 3407 996 3458 euntes
1016 3403 1100 3458 dicite

278 3476 423 3548 discipulis
435 3476 496 3547 ejus
513 3479 541 3529 et
553 3474 636 3528 Petro
649 3473 714 3544 quia
734 3473 857 3528 surrexit
870 3473 1016 3528 Dominus.
1028 3474 1100 3527 Prec-

276 3551 367 3605 cedet.
380 3550 459 3615 Hesp.
478 3549 532 3601 Snr
552 3562 601 3600 eus
613 3546 693 3599 lesus
707 3544 845 3600 Dominus
856 3550 961 3608 noster,
979 3549 1006 3600 et
1020 3550 1101 3600 stans

276 3620 306 3675 in
318 3614 413 3675 medio
429 3564 630 3687 discipulorum
647 3633 764 3671 suorum
776 3616 863 3670 dixit:
883 3615 941 3670 Pax
959 3615 1046 3680 vohis,
1059 3616 1100 3670 al·

275 3690 373 3747 leluie.
394 3688 487 3744 Garisi
502 3692 570 3743 sunt
592 3687 721 3756 discipuli
739 3687 798 3741 riso
821 3686 952 3749 Domino,
973 3686 1098 3751 alleluia,

275 3761 403 3819 alleluia.
427 3759 504 3816 Vers.
522 3757 650 3813 Surrexit
675 3758 811 3813 Dominus
837 3759 872 3812 dc
896 3756 1034 3829 sepulcro,
1051 3757 1099 3828 qni

273 3852 325 3905 pro
337 3832 418 3887 nohis
434 3832 568 3901 pependit
581 3830 609 3883 in
630 3829 717 3900 liguo.
734 3828 827 3883 Carisi
841 3833 916 3882 suut.
931 3830 1013 3900 Desp.
1029 3830 1100 3883 Cou-

273 3902 459 3977 gratnlamini
476 3901 546 3955 milri
562 3901 714 3970 omnesqui
724 3899 841 3971 diligitis
853 3899 1018 3965 Dominum,
1032 3899 1100 3970 qnia

274 3993 358 4047 quem
373 3974 535 4046 quaerebam
550 3972 682 4042 apperuit
698 3971 779 4039 mihi,
805 3975 833 4025 et
851 3972 918 4025 dum
944 3972 1041 4026 tlcrem
1062 3971 1099 4025 ad

275 4052 506 4108 monumentum,
519 4044 574 4098 vidi
588 4042 739 4097 Dominum
754 4058 860 4100 eirenen.
871 4040 998 4098 alleluia.
1022 4041 1097 4097 Vere.

275 4120 411 4175 'inierunt
427 4114 577 4171 Dominum
593 4129 701 4177 meum,
717 4118 745 4167 et
760 4113 855 4168 nescio
882 4113 927 4167 ubi
945 4116 1100 4184 posueruut

276 4208 339 4249 mm
349 4189 386 4253 3si
398 4194 426 4243 tu
440 4184 755 4249 sustulistieum‚dicito
768 4184 847 4239 mihi.
860 4185 893 4240 Et
904 4187 973 4239 dum
982 4184 1094 4241 sserem.

312 4261 375 4329 (Hic
390 4259 550 4313 desunttree
563 4257 643 4311 lineas
657 4256 686 4309 in
697 4256 764 4323 Me.)

311 4329 495 4400 Antiphoni
513 4331 579 4380 sunt
594 4326 622 4379 hi
644 4342 789 4381 sermones
817 4343 888 4396 qnos
910 4325 1046 4381 consertis
1062 4326 1099 4381 ad

1454 3192 1489 3247 ln
1509 3193 1670 3264 Eaanqelio.

1189 3292 1259 3347 Ant.
1281 3289 1451 3346 Obtnlerunt
1465 3290 1594 3361 discipuli
1617 3293 1741 3349 Domino
1762 3298 1864 3366 partem
1880 3290 1944 3364 piscis

1155 3362 1222 3432 assi,
1233 3366 1261 3417 et
1276 3362 1373 3416 iarum
1382 3362 1486 3426 mellis,
1497 3363 1622 3427 alleluia,
1633 3364 1760 3420 alleluia.
1776 3367 1835 3420 Ant.
1850 3363 1944 3435 Spiritus

1154 3449 1270 3489 earnem
1286 3438 1315 3488 et
1329 3450 1394 3487 ossa
1410 3450 1467 3488 uon
1481 3434 1578 3501 hahet,
1589 3435 1662 3489 sicut
1676 3453 1726 3492 me
1741 3436 1836 3493 videtis
1848 3438 1940 3491 hahere.

1154 3506 1219 3560 tam
1234 3504 1349 3568 credite,
1366 3503 1494 3561 alleluia.

1288 3602 1333 3656 Ad
1355 3602 1480 3673 Vesperus
1500 3603 1600 3658 iterum
1613 3603 1649 3658 ad
1662 3604 1836 3661 Lateranum.

1188 3698 1251 3754 Post
1259 3698 1390 3771 psalmum
1417 3716 1462 3755 cxt
1478 3699 1604 3756 alleluia.
1632 3702 1767 3758 Paratum
1790 3714 1940 3758 cormeum.

1159 3771 1233 3825 Vers.
1247 3773 1272 3826 l.
1284 3772 1419 3843 Exsurge,
1435 3771 1526 3843 gloria
1536 3789 1611 3829 mea.
1630 3775 1709 3829 Vere.
1720 3777 1747 3829 ἰ.
1761 3776 1796 3831 Ut
1809 3773 1942 3829 liberentur.

1461 3861 1496 3914 In
1507 3859 1664 3931 annqelio.

1188 3947 1254 4001 Ant.
1270 3947 1353 4003 Stetit
1367 3949 1448 4004 lesus
1461 3948 1490 4003 in
1512 3949 1608 4006 medio
1623 3949 1822 4021 discipulorum
1842 3962 1943 4009 suorum,

1154 4018 1484 4083 etuixiteiszeaxvouis,
1496 4019 1942 4081 alleluia.alleluialt'tdatotlrat,

1153 4089 1313 4144 descendunt
1329 4091 1368 4144 ad
1377 4091 1462 4160 tontes
1481 4108 1540 4145 cum
1559 4092 1675 4163 Antiplr.
1697 4094 1758 4148 Post
1773 4092 1840 4148 Psal.
1860 4094 1904 4148 oxu
1915 4104 1943 4142 se·

1153 4162 1248 4231 quitur
1262 4173 1274 4204 θ
1289 4161 1411 4219 alleluia.

1461 4250 1496 4304 In
1507 4251 1665 4323 Ecanqelio.

1188 4338 1256 4394 Ant.
1270 4338 1368 4393 Videte
1383 4355 1486 4394 manus
1502 4356 1593 4403 meas,
1608 4345 1636 4395 et
1646 4343 1731 4412 pedes
1746 4358 1827 4403 meos.
1837 4336 1943 4410 quiaipse

275 4403 397 4460 invicem
407 4396 1094 4477 ambulantes.etestistristesialteluia,alleluia.
1154 4424 1207 4479 ⁰3⁰
1217 4426 1291 4473 sum,
1303 4408 1426 4473 alleluia,
1440 4410 1564 4466 aperui&
1580 4411 1661 4466 flam,
1689 4414 1784 4478 Orat,
1798 4413 1852 4467 pm.
1861 4409 1890 4463 ,p
1899 4423 1943 4461 m.

276 4473 654 4544 Respondensautemuaus,
664 4467 1097 4537 ⁰¹¹¹¹¹⁰¹ll⁰¹lssll³0llh³⁸sdl¹ll0l2
1114 4457 1136 4515 D
1154 4487 1225 4534 ctum
1236 4479 1375 4535 Andrean
1386 4498 1396 4544 ;
1404 4489 1462 4551 post
1471 4480 1546 4536 Psul.
1560 4498 1625 4537 extre
1635 4476 1943 4540 dicituralleluiaCouti-

275 4549 314 4603 Tu
328 4545 404 4599 solus
422 4539 585 4612 peregrinus
602 4556 631 4594 cs
647 4538 675 4592 in
690 4538 856 4607 ierusalem,
880 4544 909 4592 et
924 4555 980 4593 non
997 4556 1097 4613 cogito·

204 4670 210 4679 ‚
275 4614 340 4672 visti
356 4631 419 4685 qnae
437 4616 513 4667 taeta
529 4610 631 4665 suntin
644 4608 694 4663 illa
708 4610 751 4663 his
763 4609 862 4663 diebus
872 4613 885 4663 't
897 4609 1021 4665 alleluia.
1035 4611 1101 4677 uni·

276 4689 328 4744 hus
343 4687 390 4741 ille
406 4684 476 4738 dixit
491 4698 497 4737 ε
514 4680 604 4747 Quae?
620 4682 648 4735 m
663 4679 796 4735 dixerunt
809 4681 843 4735 de
854 4681 919 4735 lesu
934 4682 1098 4748 Nazaraeno,

213 4784 216 4791 r
276 4758 325 4831 qui
342 4756 395 4811 luit
410 4755 452 4808 vir
466 4753 614 4825 propheta,
638 4756 738 4822 potens
757 4751 786 4805 in
813 4767 897 4822 opere
918 4757 946 4807 et
960 4770 1098 4821 sermone,

277 4846 375 4886 coram
394 4831 449 4881 Deo
463 4830 491 4879 et
505 4823 583 4878 ornni
600 4823 711 4894 populo.
729 4822 854 4887 alleluia,
871 4822 997 4880 alleluia.
1019 4829 1095 4882 Ant.

278 4904 312 4958 Et
327 4898 464 4969 incipiens
477 4914 493 4951 a
507 4897 601 4967 moyse
616 4901 643 4949 et
654 4894 787 4949 omnihus
803 4894 947 4965 prophetie
963 4895 1098 4965 interpre-

278 4974 394 5028 tabatur
406 4969 461 5024 illis
477 4967 637 5036 Scripturas
646 4966 924 5035 inomuihusqueedc
935 4965 996 5038 ipso
1007 4970 1099 5037 erant,

280 5042 405 5101 alleluia.
419 5044 485 5096 Ant.
500 5040 533 5093 Et
542 5043 694 5109 coegerunt
707 5037 788 5092 illum
800 5037 942 5104 dicentes;
958 5039 1041 5093 Mane
1052 5054 1102 5093 no-

278 5115 399 5180 biscum,
417 5110 547 5178 Domine,
564 5109 631 5180 quia
644 5108 867 5178 advesperascit,
881 5108 1007 5167 alleluia.
1025 5112 1097 5168 Ant.

316 5278 330 5313 t
344 5268 365 5323 Α
388 5266 423 5322 nd
444 5262 588 5333 Vulgatum
603 5259 759 5328 Alcuinum,
780 5260 815 5317 ad
833 5260 920 5332 tontes
935 5278 983 5318 seu
997 5260 1036 5317 ad
1050 5282 1104 5321 oer-

263 5332 342 5397 'tenn
378 5357 409 5394 cc
424 5338 484 5392 loco
500 5335 614 5391 forsitan
628 5333 781 5403 baptizandi
800 5342 903 5387 restem
916 5333 1102 5406 deponebant,

281 5409 467 5485 autbapticati
484 5414 585 5462 restem
602 5404 691 5459 albam
712 5402 870 5458 induebant.

316 5483 331 5527 b
345 5481 439 5537 Sancti
462 5478 581 5533 Andreae
596 5474 710 5530 basilica
725 5474 849 5545 proxima
872 5479 929 5528 erat
944 5472 1099 5533 Vaticana.

317 5566 329 5596 θ
345 5554 375 5608 lo
395 5551 459 5606 Ord.
476 5548 556 5604 Rom.
567 5547 623 5618 jam
636 5546 759 5609 laudato,
775 5544 806 5598 de
820 5545 927 5607 Graeca,
949 5545 980 5599 de
1005 5549 1101 5617 pactis,

283 5620 454 5695 deprncoma.
471 5620 512 5673 Ad
527 5633 607 5689 quem
623 5614 712 5670 locum
730 5615 860 5695 plurimas
884 5615 1019 5672 variantes
1034 5618 1098 5675 lect.

284 5692 361 5749 suen
378 5689 562 5747 Mehillouius.
577 5687 627 5741 His
642 5685 757 5740 vocibus
780 5685 936 5741 indicantur
963 5686 1034 5757 loce,
1058 5691 1104 5748 ubi

286 5764 349 5823 haec
362 5762 419 5820 riui
432 5775 535 5833 genere
547 5754 738 5815 uescebantur.

1153 4552 1243 4616 tehor,
1259 4551 1320 4614 tihi,
1337 4551 1467 4607 Domine.
1490 4552 1562 4607 Vere.
1579 4555 1604 4608 t.
1620 4554 1753 4611 Adoraho
1769 4556 1804 4611 ad
1819 4550 1941 4623 templum.

1157 4621 1233 4678 l'ers.
1253 4624 1283 4679 2.
1301 4624 1392 4694 Super
1407 4622 1648 4682 misericordiam.

1454 4712 1490 4767 In
1510 4713 1670 4784 Eounqelio.

1188 4800 1255 4854 Ant.
1273 4798 1319 4854 Isti
1336 4803 1403 4855 sunt
1417 4817 1564 4857 sermones
1576 4818 1647 4873 qnos
1661 4799 1877 4863 dicebamvohis‚
1891 4808 1940 4852 cum

1154 4885 1245 4925 essem
1259 4872 1416 4939 vobiscum,
1443 4872 1568 4939 alleluia,
1585 4873 1709 4929 alleluia.
1729 4874 1794 4930 Ant.
1816 4868 1942 4944 Oportehal

1154 4941 1213 5014 pati
1230 4942 1383 5010 Christum,
1405 4948 1433 5000 et
1445 4959 1591 5014 resurgere
1605 4962 1623 4999 a
1636 4946 1766 5002 mortuis.

1456 5032 1541 5088 Feria
1559 5042 1669 5105 quarta

1190 5119 1264 5174 Psoi.
1280 5119 1397 5175 Saluum
1413 5136 1459 5176 me
1474 5120 1528 5187 lac,
1554 5122 1687 5179 Domine.
1709 5120 1784 5177 Psal.
1802 5119 1937 5189 Usquequo.

1192 5268 1203 5302 ‘¹
1215 5266 1288 5341 Lege
1304 5270 1316 5321 ὁ
1332 5273 1475 5343 ποιμαίνων
1485 5273 1528 5324 τὸν
1544 5270 1661 5345 'tepeat
1703 5272 1733 5327 ui
1743 5272 1810 5341 reqis
1821 5262 1896 5322 lsrael
1907 5264 1940 5324 ;el

1178 5350 1206 5394 ro
1219 5340 1325 5410 Apolon
1339 5338 1468 5414 Ἄμπελον
1479 5342 1507 5403 ἐξ
1518 5343 1663 5414 Αἰγύπτου,
1679 5289 1827 5399 dinamus
1838 5335 1939 5413 AEqurlt·

1157 5354 1198 5466 lta
1212 5409 1311 5483 legitur
1324 5412 1352 5466 in
1368 5412 1468 5468 Ordine
1479 5412 1572 5481 Rom,
1583 5414 1617 5470 de
1630 5431 1683 5487 quo
1693 5414 1746 5485 iam
1757 5426 1826 5482 saepe
1837 5406 1938 5463 dlxlmD

1193 5491 1205 5523 ⁰
1221 5481 1278 5536 Hoc
1292 5482 1352 5539 loco
1366 5482 1436 5538 nihil
1450 5486 1602 5557 corruptius
1617 5487 1647 5539 in
1674 5483 1770 5540 Codice
1791 5496 1837 5534 me.
1859 5476 1940 5543 blein·

1158 5550 1233 5616 dum,
1244 5556 1276 5607 nt
1286 5553 1313 5607 iu
1325 5553 1426 5610 Ordine
1440 5554 1521 5611 Rom.
1536 5558 1547 5610 1
1563 5573 1579 5611 a
1604 5554 1698 5611 litabit.
1718 5554 1778 5608 dato
1789 5547 1937 5635 inperium·

1157 5620 1219 5684 λαός
1232 5640 1293 5695 pon,
1304 5632 1340 5695 τῷ
1354 5629 1424 5699 νόμω
1431 5645 1491 5699 pau,
1503 5627 1605 5680 κλίνατι
1614 5631 1644 5680 τὸ
1654 5628 1718 5687 cheri
1740 5633 1771 5676 ῶν
1783 5620 1939 5692 :cereptum

1159 5700 1205 5745 rau
1228 5699 1355 5824 ardpppric
1382 5682 1442 5772 pdv,
1470 5698 1619 5768 Attendite,
1642 5646 1754 5775 propedit
1782 5705 1854 5758 mett,
1877 5682 1939 5756 epti

1158 5779 1280 5835 cerame
1313 5809 1321 5831 ,

1995 1618 1996 1679 l

1412 1737 1498 1808 787
1514 1740 1549 1793 In
1564 1739 1717 1811 Eounqeiio.
1995 1688 1996 1769 i

1184 1832 1249 1887 Ant.
1267 1832 1394 1887 Surrexit
1405 1836 1541 1889 Dominus
1555 1851 1631 1893 vere.
1645 1835 1774 1902 alleluia,
1798 1841 1825 1892 et
1839 1838 1945 1908 apparuit
