4074 6174
217 166 281 243 iia·

836 174 970 241 saucii
988 170 1162 238 maeonii
1180 172 1300 241 llelll

1858 172 1914 241 ns

217 306 263 366 ira
275 309 445 378 tuaarguas
459 290 969 381 me,nei1uainturoretuoooriipias
986 322 1041 364 me.
1057 310 1083 373 Α
1098 307 1199 366 omnia
1217 323 1289 366 ossa
1309 322 1372 366 mea
1384 307 1429 365 Ad
1443 309 1554 366 domm.
1569 308 1632 381 ligo
1642 306 1918 365 snmresnrreotioet

220 399 295 456 Vera.
310 400 337 452 i.
354 396 489 453 Miserere
504 396 585 463 mibi,
601 397 734 462 Domine,
752 397 896 469 quoniam
910 396 1043 453 infirmos

218 500 307 556 sum3
322 500 396 542 sana
411 500 469 552 me,
483 485 619 557 Domine,
634 486 965 559 quoniamconturbata
974 491 1043 543 sunt

1097 398 1167 465 vita,
1182 397 1408 455 dicitDominus.
1428 397 1483 465 Qui
1496 396 1588 454 credit
1601 398 1632 452 in
1643 412 1701 465 me,
1716 394 1833 453 etiamsi
1845 410 1919 453 inor·

1097 490 1165 542 tuus
1177 484 1273 557 luerit,
1284 487 1376 543 siret.

938 713 1204 773 APPnme

838 845 878 897 Ex
894 845 1072 910 Manuseripto
1089 844 1302 911 compendiensi.

411 961 495 1019 Feriis
506 961 633 1028 seeundo,
644 979 694 1034 pro
703 963 831 1035 peccatis.

251 1062 323 1117 Ant.
344 1059 373 1116 si
388 1059 562 1132 iniquitates,
583 1065 688 1132 utsup.
710 1059 808 1115 Psotm.
833 1060 874 1115 De
893 1059 1044 1132 profundis

215 1132 294 1202 Desii.
312 1131 452 1203 Propitius
465 1136 536 1187 esto.
551 1131 623 1186 Vm.
639 1131 894 1204 suprapositis.
913 1133 1044 1196 Domine,

215 1202 372 1286 retugium.
388 1200 441 1273 Off.
458 1202 538 1259 Sicut
552 1201 581 1257 in
591 1201 750 1259 holocaust.
766 1203 817 1261 Ad
829 1202 927 1259 Comei.
942 1207 1043 1259 Amen.

216 1275 280 1331 dm
294 1274 383 1329 vom·
448 1344 535 1400 Ferio
547 1344 639 1412 tertio,
652 1345 683 1401 de
697 1344 809 1417 erigetis.

253 1432 514 1501 sustentatoriis
535 1434 700 1500 Dominum,
717 1451 819 1490 oinnes
839 1432 944 1506 angeli.
961 1434 1040 1491 Psoi.

197 1534 201 1541 ¹
218 1504 359 1562 Dominus
370 1504 510 1576 regnarit,
526 1506 658 1561 exsultet.
673 1508 757 1576 Hesp.
773 1506 938 1562 Benedicite
951 1505 1046 1559 Demi·

218 1593 300 1633 num.
326 1575 400 1632 Veri.
423 1576 556 1642 Benedic,
581 1577 689 1632 anima.
706 1578 764 1633 Att.
786 1578 913 1635 Laudate
937 1576 1041 1632 Deum.

220 1647 314 1719 offert.
329 1651 360 1704 ln
375 1653 527 1721 conspectu
538 1649 717 1721 angolorum.
730 1647 858 1706 AdCom.
872 1646 1046 1718 benedicite,

219 1734 320 1776 omues
333 1718 437 1791 angeli.

425 1807 510 1863 Ferio
523 1814 633 1881 quarta,
644 1808 675 1864 de
689 1807 839 1881 snpientia.

256 1903 374 1975 nnitpt.
391 1902 413 1960 0
428 1904 579 2033 sapientia.
595 1904 687 1961 Piotm
712 1908 741 1961 et
753 1905 834 1975 Resp.
858 1904 978 1961 Domine
993 1905 1048 1961 Do-

221 1975 318 2032 minus
332 1978 439 2032 noster.
480 1993 531 2031 ers.
548 1976 691 2044 Quoniam
707 1976 818 2033 elevata
832 1980 884 2033 est.
900 1975 955 2032 att.
970 1977 1048 2042 Quo·

222 2047 302 2103 niam
316 2048 391 2103 Deus
406 2064 538 2120 maguus.
564 2049 619 2119 Off.
631 2046 771 2104 Dominus
786 2047 913 2120 possedit
926 2063 981 2103 me.
999 2047 1043 2103 ild

224 2119 307 2179 Com.
328 2118 515 2190 Osapientia.

438 2208 638 2280 Feriopiiiiita
649 2207 834 2264 deeboiitete.

259 2296 371 2368 Antipli.
387 2296 509 2352 Domine
525 2296 600 2353 Deus
622 2297 740 2352 Petrum
763 2301 942 2354 nostrorum.
962 2297 1044 2381 Deip.

225 2366 357 2423 Charitas
377 2367 427 2423 Dei
442 2368 546 2423 diffusa
558 2371 610 2423 est.
633 2366 707 2424 Vei-s.
721 2366 857 2427 Charitas
867 2384 924 2425 non
938 2373 1047 2440 querit.

225 2437 306 2494 nitet.
321 2437 453 2494 Charitas
467 2438 526 2494 Dei.
541 2438 596 2510 Off.
611 2438 829 2511 Ditigamusnos
842 2439 973 2497 invicem.
987 2441 1048 2499 Ad.

226 2510 302 2567 Gom.
319 2508 452 2566 Charitas
466 2509 527 2566 Dei.

420 2598 506 2655 Eoi-io
519 2605 605 2669 sento,
618 2599 750 2656 domnolo
761 2615 849 2656 cruce.

262 2687 378 2761 antiph.
392 2688 477 2746 Nobis
492 2693 589 2746 autem
604 2689 732 2761 gloriari.
745 2690 847 2747 Protin.
863 2691 1002 2748 Dominus
1009 2709 1051 2749 re-

265 2759 333 2829 avit,
350 2761 493 2816 decorem.
519 2762 598 2833 aesp.
624 2760 752 2818 Christus
768 2761 860 2818 faetus
885 2768 937 2819 est.
967 2765 1045 2821 Veri.

225 2833 540 2959 attitulati
557 2832 870 2960 lindissae
885 2834 973 2907 ’ΨΜ
990 2835 1047 2906 ⁰''·

1285 965 1371 1021 Feri'o
1382 967 1504 1039 septimo,
1524 967 1556 1023 de
1569 965 1731 1040 uirginibus.

1133 1053 1248 1123 anitii.
1262 1055 1374 1111 Vultum
1398 1060 1479 1112 tuum
1495 1058 1731 1128 deprecabuntur.
1743 1048 1924 1112 PsalmEru·

1099 1125 1237 1250 clarit?
1273 1126 1299 1197 7
1316 1130 1392 1208 ltesp.
1406 1127 1512 1184 Diffusa
1525 1133 1577 1211 est.
1595 1122 1667 1184 Veri.
1682 1128 1799 1199 Propter
1817 1126 1923 1209 verita-

1099 1197 1205 1324 mnan
1222 1199 1242 1255 t.
1279 1213 1356 1269 pecie
1369 1196 1506 1271 tuo.0ff..
1524 1200 1631 1256 Dillusa
1646 1202 1701 1256 est.
1717 1198 1761 1254 Ad
1777 1198 1854 1256 Com.
1874 1198 1925 1254 Di·

1136 1338 1235 1395 Gaade
1249 1338 1301 1397 Eia
1316 1343 1402 1399 unica
1415 1343 1550 1399 columba
1563 1343 1705 1417 speciosa.

1136 1412 1247 1492 Sponsa
1255 1430 1378 1484 superno
1391 1416 1450 1487 regi
1459 1415 1635 1473 consociata.
1650 1414 1729 1471 Beati
1747 1428 1860 1489 semper
1871 1413 1926 1473 Dei

1100 1486 1223 1552 genitrix
1233 1484 1280 1553 pia
1291 1485 1368 1567 virgo
1380 1486 1477 1541 Maria.

1136 1564 1146 1591 ¹
1162 1554 1302 1611 Praeclara
1313 1557 1375 1611 dies
1385 1558 1466 1613 nobis
1480 1553 1569 1613 instat
1580 1574 1645 1629 quaa
1667 1561 1824 1629 tempomin
1840 1556 1929 1615 affert

1101 1625 1195 1681 orbita
1204 1625 1334 1682 revoluta
1350 1628 1416 1684 llaec
1429 1628 1597 1685 solemnitas
1610 1634 1653 1685 eat
1666 1630 1769 1685 anime
1783 1628 1929 1685 festivitas

1100 1701 1207 1754 nostra
1224 1697 1328 1754 merito
1343 1699 1515 1756 veneranda.
1528 1700 1709 1756 celebremus
1732 1716 1796 1756 eam
1825 1700 1928 1772 lingua

1101 1768 1237 1824 vocifera.
1253 1768 1445 1826 Decantautes
1463 1770 1561 1828 laudes
1575 1771 1698 1827 Domino
1721 1770 1831 1828 debitas
1856 1788 1928 1828 ioca

1101 1838 1191 1897 clara.
1210 1839 1429 1897 Gratulemurin
1444 1843 1569 1898 escorde
1582 1842 1799 1912 pio‚Deminum
1819 1858 1926 1914 rogan·

1102 1913 1145 1965 les
1156 1915 1251 1967 mente
1266 1928 1349 1983 pura.
1368 1912 1518 1970 Utdelicta
1529 1919 1626 1970 nostra
1641 1918 1735 1985 tergat
1748 1929 1837 1970 manu
1852 1930 1921 1969 soa.

1103 1979 1210 2049 Quibus
1218 1981 1340 2054 expediti
1347 1984 1458 2040 cantica
1466 1984 1785 2055 psallamusinexcelsa.
1801 1984 1929 2041 Summa

1103 2052 1151 2134 pia
1164 2053 1257 2125 gratia
1271 2058 1371 2111 nostra
1384 2057 1581 2112 conservando
1592 2072 1711 2128 corpora
1723 2051 1814 2128 728
1827 2060 1929 2112 custo·

1102 2124 1174 2178 dita.
1203 2127 1240 2180 De
1265 2131 1350 2195 gente
1379 2124 1626 2183 leraNormanica
1655 2143 1707 2182 nos
1734 2127 1833 2193 libera,
1862 2144 1928 2198 quia

1103 2199 1202 2250 nostra
1218 2199 1391 2253 iastatDeus
1401 2212 1498 2269 regna.
1514 2199 1620 2255 Senum
1626 2198 1741 2271 jugulat
1751 2202 1777 2255 et
1781 2199 1929 2271 juvenum

1103 2282 1136 2322 ac
1151 2265 1293 2338 virginum
1311 2284 1473 2351 puerorum·
1491 2286 1604 2395 quogne
1626 2275 1781 2327 catervam.
1810 2268 1929 2340 Repello

1123 2354 1255 2395 secamur
1267 2344 1394 2396 cunctae
1409 2342 1490 2396 nobis
1505 2357 1554 2396 ma
1566 2357 1592 2396 a.
1610 2340 1759 2408 Converte,
1777 2356 1929 2412 rogamus,

1103 2355 1236 2477 Domine,
1246 2410 1387 2482 supplices
1396 2427 1448 2467 nos
1460 2413 1497 2467 ad
1509 2416 1536 2468 te
1550 2414 1605 2468 ilex
1615 2412 1724 2483 gloria,
1739 2427 1769 2467 es
1797 2410 1845 2482 qui
1859 2426 1931 2467 rara

1105 2481 1255 2553 paxsalus
1268 2482 1324 2554 pia,
1336 2499 1400 2554 spes
1412 2482 1540 2538 etllrma.
1554 2483 1635 2538 Dona
1644 2481 1828 2553 uobispaeem
1839 2492 1929 2553 atque

1105 2553 1301 2609 concordiam.
1319 2553 1608 2635 largirenobisspem
1624 2558 1653 2609 et
1671 2553 1812 2626 integram
1826 2552 1929 2619 fldem,

1105 2623 1779 2681 simulreramcharitatemcontinuamconcede
1796 2623 1879 2679 nobis
1901 2626 1932 2680 et

1140 2694 1271 2751 riectam.
1288 2696 1463 2751 Sanctorum
1477 2697 1607 2767 precibus
1621 2712 1673 2751 nos
1694 2696 1864 2768 adjuvemur
1890 2695 1931 2751 ad

1125 2783 1167 2823 aeo
1181 2766 1372 2838 impetranda.
1397 2767 1436 2823 De
1451 2783 1574 2839 quorum
1614 2767 1727 2823 assione
1746 2767 1931 2838 gratulamur

1103 2836 1358 2910 gloriosa.Sitlaiis
1371 2855 1425 2910 pax
1436 2843 1465 2895 et
1478 2838 1571 2911 gloria
1606 2838 1714 2894 rinitati
1733 2855 1820 2910 quam
1838 2837 1931 2892 maxi·

1103 2924 1151 2964 ma
1167 2914 1269 2965 cuncta
1284 2925 1333 2980 per
1345 2909 1461 2965 saecula.
1473 2914 1563 2965 lmen
1578 2908 1593 2952 ¹³
1610 2952 1616 2965 .

260 3010 269 3033 ⁸
284 3001 350 3057 Haec
365 3001 473 3059 notulis
488 3002 640 3057 adcantus
655 3001 884 3059 modulationem
904 3003 1049 3076 dispositis
1064 2970 1086 3033 C
1102 3005 1277 3076 Antiphonas
1288 3002 1934 3078 tntitaniamojiire,itii.drqumonqmiritato·
2019 3036 2020 3053 ι

225 3069 450 3152 suntinscripta.
468 3074 535 3139 Oua
556 3072 668 3127 edenda
696 3073 868 3142 putavimus,
896 3074 962 3147 quia
982 3075 1049 3132 inde

225 3157 300 3266 eruif
314 3146 407 3269 potest
430 3147 544 3215 tempus
568 3143 666 3215 scripti
685 3142 806 3211 Codicis,
819 3149 851 3202 ut
869 3145 994 3203 diximus
1019 3146 1048 3202 in

224 3224 283 3325 pigi
290 3232 393 3343 ffostea
404 3284 508 3360 legitur
520 3285 662 3356 Incipiunt
673 3285 727 3342 stt.
740 3286 782 3355 (id
797 3290 849 3351 est,
863 3286 995 3347 Alleluial
1017 3290 1052 3346 de

1104 3074 1932 3148 lionadns.dasiceitnte.iliis.driii'minplunimdemortnti'·

1105 3153 1158 3204 tote
1172 3166 1182 3211 ,·
1194 3150 1264 3204 diis.
1272 3149 1489 3220 ittemporebetli.
1502 3149 1569 3204 iliis.
1581 3149 1613 3203 de
1623 3149 1790 3207 liberatione,
1802 3147 1834 3202 de
1846 3148 1931 3211 omni·

1106 3218 1930 3345 tentibus;cootinentgratianimactionesgrotiberationet
2018 3266 2019 3273 ,

1105 3291 1164 3346 iliis
1175 3291 1352 3348 denotoli'tiis
1364 3300 1528 3355 sardorum,
1538 3292 1594 3347 Ana
1610 3291 1646 3346 od
1656 3307 1684 3346 re
1696 3291 1788 3363 ipitius
1797 3290 1932 3346 desuem·
2018 3310 2019 3337 i

224 3356 409 3424 circatooiiiii,
416 3362 713 3415 suntantemnumero
721 3359 765 3415 is.
779 3358 887 3415 Deinde
896 3362 950 3416 Ans
963 3359 1053 3432 (idest
1106 3362 1165 3430 dos,
1181 3364 1248 3419 Ans.
1264 3361 1426 3435 deposiioiie
1452 3362 1570 3428 Domini,
1586 3364 1652 3419 Aris.
1666 3362 1697 3417 de
1714 3362 1930 3418 resurrections·

702 3622 1158 3716 ousnaviiioans
1209 3625 1453 3715 PRAEVIAE

267 3787 329 3856 An
354 3784 693 3856 oonunouousu
717 3784 1133 3873 ansrousoiiioauii
1159 3788 1529 3871 iurunouiauu
1554 3787 1777 3871 vaesana,
1817 3793 1881 3856 ee.

260 3958 435 4085 qffiotiurn
446 3971 463 4012 a
474 3955 792 4040 pauciaproerideamua
805 3956 958 4029 legendam
977 3956 1181 4015 collectionem
1196 3958 1281 4027 hanc,
1298 3974 1359 4031 quae
1370 3962 1469 4015 notatu
1479 3957 1609 4031 digniora
1618 3957 1647 4014 in
1663 3957 1787 4015 eanobis
1802 3974 1932 4018 occurre·

223 4036 291 4158 ruffi
301 4030 760 4171 czclgrergrggruelpiffiipffiigffllum
771 4114 878 4155 nomen
891 4099 1065 4225 praeteribis
1079 4099 1159 4156 liber.
1172 4101 1211 4156 Ex
1223 4101 1421 4172 Responsoriis
1436 4100 1603 4172 Responsntii
1617 4100 1814 4172 aquibosdam
1824 4099 1931 4159 dicitur
2015 4110 2016 4113 ’

236 4172 344 4254 lllabil,
354 4173 389 4227 de
399 4172 488 4255 Dorso
505 4170 590 4253 Gali„
601 4186 667 4254 pag,
681 4172 754 4252 398),Ι
767 4172 808 4225 ab
818 4173 891 4225 Ama
903 4170 965 4226 ario
979 4172 1376 4254 Fortunatoilnti'plionoiios,
1386 4177 1501 4255 propter
1512 4171 1701 4253 antiphonas.
1714 4177 1785 4227 utex
1798 4172 1930 4244 ejusdem

236 4246 298 4301 ibro
311 4242 455 4298 deOrdiiie
465 4240 857 4323 Autiplionorumanilestum
869 4246 930 4307 est;
948 4243 983 4298 ob
995 4246 1137 4324 integrum
1154 4242 1280 4298 officium
1294 4243 1596 4299 ecclesiasticumsire
1610 4260 1724 4298 cursum
1739 4248 1798 4296 tani
1814 4249 1930 4298 noctur·

224 4330 295 4370 nom
311 4329 397 4385 quam
414 4313 548 4368 diurnum
560 4328 590 4366 in
607 4329 641 4367 eo
652 4312 836 4382 descriptum,
853 4312 984 4368 nonnulii
1003 4314 1137 4368 codicem
1153 4315 1382 4385 huncOiitoi'olem
1394 4313 1584 4386 appellavere,
1598 4313 1688 4368 Porro
1701 4314 1755 4369 etsi
1768 4313 1832 4368 libri
1845 4313 1931 4384 liujus
2014 4322 2015 4363 z

224 4385 310 4441 multi
325 4383 432 4455 passim
449 4382 635 4438 meminerint
647 4383 802 4452 (amatur,
819 4383 838 4438 t.
853 4400 893 4447 iv,
908 4385 943 4439 de
956 4383 1025 4441 eccl.
1040 4383 1108 4451 on,
1124 4400 1148 4440 c.
1164 4384 1208 4450 29,
1224 4390 1253 4441 et
1267 4386 1396 4467 passim),
1412 4401 1497 4440 nemo
1524 4388 1620 4440 tamen
1635 4390 1763 4440 veterum
1777 4385 1930 4453 Respons,

224 4455 332 4526 ilntipb
345 4496 353 4521 ,
367 4457 434 4520 etc..
446 4452 674 4523 complexionem
686 4453 887 4524 adbucpubtici
894 4453 969 4527 juris
985 4455 1058 4510 iecit.
1075 4457 1144 4511 Eam
1160 4460 1256 4510 autem
1273 4473 1300 4512 in
1317 4456 1407 4514 iucem
1417 4456 1603 4511 emittendam
1617 4456 1761 4521 duximus,
1772 4460 1801 4511 et
1812 4454 1930 4525 quidem
2013 4518 2014 4523 ἵ

225 4543 260 4584 ex
272 4525 464 4586 vetustissimo
485 4523 599 4591 Codice,
619 4524 685 4580 licat
699 4525 870 4581 mendorum
886 4542 943 4581 non
959 4530 1083 4609 experte,
1101 4530 1131 4581 ot
1145 4531 1219 4582 esset
1233 4526 1363 4582 omnium
1388 4527 1542 4599 liturgicon
1566 4525 1653 4582 rcluti
1671 4525 1928 4597 complementum.
2013 4526 2014 4601 p

226 4596 279 4665 Oui
292 4597 352 4652 lisec
371 4597 499 4653 conferre
514 4594 636 4651 voluerit
647 4612 711 4651 cum
723 4596 868 4652 hodiernis
880 4596 1105 4667 antiphonariis,
1133 4597 1203 4652 nihil
1233 4598 1291 4652 iere
1316 4598 1350 4653 de
1377 4614 1451 4653 noio
1475 4598 1617 4652 iniectum
1642 4597 1670 4652 iii
1699 4596 1786 4651 libros
1814 4602 1930 4652 nostros

225 4667 433 4725 ecclesiasticos
453 4668 603 4722 observare
635 4666 812 4723 ratissimum
836 4668 962 4731 babebit,
978 4685 1043 4724 cum
1056 4668 1131 4723 inter
1145 4668 1319 4724 certissimas
1335 4668 1463 4726 Ecclesia
1486 4667 1635 4724 catholicae
1652 4674 1744 4737 notas,
1761 4684 1796 4723 ea
1814 4684 1880 4738 qum
1894 4669 1929 4723 ab

225 4739 285 4796 anti
308 4739 398 4795 nitate
430 4738 518 4797 alitur
531 4754 589 4795 non
604 4683 796 4795 ultimumaut
806 4739 973 4796 interiorem
985 4740 1078 4795 locum
1094 4738 1234 4796 obtineat.

261 4757 733 4883 aiooJusicelesieusumtuerii
756 4810 914 4882 descriptus
940 4812 1035 4867 Codex
1063 4810 1308 4880 Compendieusis,
1337 4812 1490 4866 obscurum
1519 4814 1572 4873 est,
1598 4811 1679 4865 Certe
1706 4808 1838 4891 quamris
1866 4809 1929 4891 oib-

226 4881 302 4939 cium
322 4883 358 4937 de
376 4886 477 4938 saneto
498 4881 648 4938 benedicto
663 4881 796 4937 exhibeat
812 4884 898 4953 (quod
918 4880 1191 4938 nonnullisiortasse
1206 4886 1408 4953 argumentum
1419 4882 1481 4938 erit.
1499 4880 1656 4936 monachos
1668 4879 1869 4936 Benedictinos
1880 4880 1928 4936 illo

226 4970 293 5010 usos
308 4953 381 5022 ease)
392 4952 421 5009 in
436 4969 557 5009 numero
572 4957 670 5015 tamen
686 4957 714 5008 et
724 4951 924 5009 distributione
940 4953 1129 5012 Psalmorum.
1146 4956 1205 5008 tam
1219 4969 1271 5024 pro
1287 4953 1433 5008 nocturnis
1446 4958 1533 5023 quoni
1550 4969 1599 5021 pio
1614 4950 1723 5006 diurnis
1739 4951 1827 5015 boris,
1843 4955 1873 5007 et
1900 4951 1927 5006 in
2011 4984 2012 4995 ,

226 5024 326 5080 multis
340 5024 402 5080 aliis
416 5042 433 5080 a
446 5022 536 5080 sancti
548 5023 693 5080 Benedicti
705 5025 805 5095 regula
823 5041 880 5080 non
897 5041 962 5080 raro
976 5024 1093 5081 recedit.
1107 5023 1261 5079 Multorum
1277 5030 1441 5080 sanctorum
1471 5023 1500 5078 iii
1512 5023 1602 5079 Gellia
1628 5027 1802 5103 praesertim·
1819 5022 1928 5103 Belgica

226 5095 379 5152 celebrium
399 5096 496 5153 oliicia
508 5094 624 5167 propria
650 5112 713 5152 com
735 5096 858 5162 teotitur,
874 5100 905 5152 ut
928 5100 1094 5152 sanctorum
1111 5094 1239 5166 Remigii,
1266 5095 1391 5159 vedasti,
1421 5093 1557 5159 medardi,
1580 5097 1655 5148 mart
1675 5109 1738 5148 rum
1758 5094 1881 5163 Crispini
1902 5096 1928 5147 et

227 5165 411 5250 crispiniani,
426 5167 565 5235 Quintini,
582 5172 636 5223 etc.
659 5112 740 5225 Unife
766 5167 917 5237 conjicitur
945 5169 980 5223 ad
1002 5166 1123 5292 aiicujus
1139 5166 1167 5222 in
1193 5164 1293 5222 Galliis
1307 5165 1435 5221 nectesiae
1449 5180 1562 5221 saci-am
1575 5110 1782 5245 supellectilem
1803 5162 1928 5245 primum

226 5240 407 5311 pertinuisse.
423 5239 544 5296 Aliunde
557 5255 623 5295 vero
638 5256 700 5365 ilua
712 5238 846 5365 leguntur
860 5256 889 5295 iu
904 5238 1049 5295 ordioead
1088 5254 1202 5308 asperas
1217 5237 1262 5292 die
1280 5236 1462 5292 sanctissimo
1482 5236 1608 5301 l‘ascbai,
1628 5238 1770 5305 exscripta
1797 5233 1929 5317 ridentur

226 5326 261 5366 ex
275 5311 380 5367 Ordine
397 5314 536 5376 Romano,
553 5316 584 5365 ut
598 5327 632 5366 eo
656 5310 697 5366 oci
723 5328 739 5366 o
760 5310 945 5366 servarimus.
963 5309 1011 5365 llis
1033 5308 1166 5366 omnibus
1191 5308 1348 5373 trutinatis,
1369 5307 1567 5364 existimamus
1597 5310 1721 5361 veterem
1741 5304 1824 5360 oillcii
1842 5305 1927 5359 divini

226 5382 390 5439 celebrandi
404 5383 490 5439 ritum
506 5382 534 5437 in
548 5381 672 5439 Ecclesia
687 5383 819 5437 Romana
847 5384 1027 5437 observatum
1044 5424 1052 5441 .
1067 5396 1102 5436 ex
1124 5380 1250 5450 priorum
1275 5394 1456 5434 somniorum
1485 5376 1659 5449 pontificum,
1677 5375 1802 5431 inaxinie
1817 5391 1885 5431 vero
1897 5389 1928 5430 ex

227 5453 318 5510 saneti
328 5452 456 5537 Gregorii
470 5452 644 5526 praescripto,
659 5452 705 5508 bie
718 5452 853 5511 exbiberi.
871 5452 1024 5508 Gallicanae
1039 5451 1189 5523 cujusdam
1203 5450 1331 5507 Ecclesia
1345 5449 1406 5506 usui
1434 5448 1693 5512 accommodatum,
1708 5446 1852 5503 accersitis
1869 5462 1928 5519 pro·

227 5524 297 5598 priis
311 5525 413 5582 ollieiis
427 5530 601 5586 sanctoruni.
617 5540 739 5594 quorum
754 5523 911 5594 praesertim
927 5522 954 5577 in
969 5521 1067 5576 Galliis
1079 5522 1196 5577 celebris
1209 5527 1252 5577 est
1265 5520 1415 5576 memoria.

266 5598 322 5651 lloc
341 5596 369 5651 in
392 5596 474 5657 libro,
502 5612 559 5651 non
572 5594 664 5651 sotum
682 5594 840 5665 majoribus
853 5592 1084 5649 solemnitatibus
1098 5593 1204 5664 proprii
1218 5593 1335 5656 Psalmi,
1347 5598 1409 5647 tum
1422 5592 1450 5646 in
1467 5590 1613 5645 nocturnis
1627 5594 1690 5645 tum
1704 5588 1731 5643 in
1749 5586 1928 5669 matutiniset

200 5718 204 5727 ,
228 5667 397 5738 vespertinis
412 5665 490 5723 boris
502 5665 705 5739 assignantem
721 5665 771 5721 sed
799 5664 885 5721 aliam
901 5664 948 5722 ubi
970 5664 1099 5721 oillcium
1125 5665 1318 5737 praescribitur
1345 5665 1381 5720 de
1397 5662 1543 5720 communi
1558 5661 1618 5719 sire
1640 5659 1848 5733 apostolorum,
1873 5670 1928 5714 siie
1996 5716 2000 5725 ,
