4052 6186
252 214 308 281 itt

247 347 318 406 Filio
333 346 440 408 David:
453 346 619 404 benedictus
629 346 675 419 qui
689 347 766 404 venit
776 348 932 405 innomine
945 348 1070 413 Domini,
1087 351 1111 412 A
1339 345 1531 416 Fertoqsartn
1541 343 1733 403 intiatntinis.

248 421 410 481 hesternai,
420 420 550 474 hosanna
564 420 591 474 in
603 420 731 475 excelsis.
742 422 1072 477 Antilccurruutturbae
1161 445 1280 514 Aah-pp
1301 444 1402 499 Libera
1416 444 1505 498 mede
1520 442 1714 513 sanguinibus,
1731 443 1800 499 Deus
1816 445 1881 502 Deus
1892 465 1925 504 sa·

875 211 1008 277 sineri
1028 210 1199 281 oamoau
1218 210 1337 305 uisui
1511 220 1515 229 Δ
1586 266 1592 271 .
1690 268 1696 275 .
1876 218 1925 282 ni
1985 240 1986 277 i

1985 296 1987 363 i

247 508 312 572 ⁰¹¹.OE
328 491 593 573 ssffl'ibuih'ht'fl'ffiis
608 492 1071 582 Redempwi'i⁰¹1Yi3m⁹⁰hvi⁰i⁰fi
1127 515 1193 570 lutis
1209 533 1290 579 mem,
1306 515 1480 570 etexaltabit
1504 515 1599 583 lingua
1615 531 1678 569 inca
1696 515 1828 586 justitiam
1844 524 1920 575 tuam.
1985 548 1986 565 i

246 563 438 633 ¹i¹¹¹¹¹¹i³¹¹⁸¹¹¹¹
461 564 549 633 mgna
572 564 918 633 dflnh⁰bseit⁰¹ffi¹¹¹¹¹⁰m
947 564 994 619 Dm
1023 579 1071 617 ΟΝ
1125 589 1195 643 Ant.
1216 586 1410 643 Contumelias
1426 593 1454 641 et
1468 589 1590 640 terrores
1606 602 1704 655 passus
1727 602 1787 641 suin
1805 588 1925 653 ahainai
1985 578 1986 627 ἶ

246 638 345 705 gentes
362 634 527 703 praedicant.
541 639 569 689 et
584 635 611 689 iii
627 635 741 689 laudern
752 635 854 689 Christi
872 652 952 690 voces
967 638 1072 689 sonant

246 721 297 775 per
310 704 417 759 nubila·
431 705 576 761 Hosanna·
588 707 703 775 Amph.
720 708 808 761 Hodie
822 722 945 776 namque
959 705 1070 760 Christo
1126 658 1262 714 Dominus
1275 675 1385 715 mecum
1399 661 1587 739 esttanquam
1596 656 1715 711 bellator
1724 655 1810 713 fortis.
1824 660 1925 731 Antip

1126 730 1149 784 si
1164 731 1267 786 veroin
1284 746 1389 784 vanum
1410 733 1582 799 quasieruin
1597 728 1722 782 animam
1735 730 1925 786 mesinlntmi·
1985 754 1986 783 Τ

246 792 310 831 ⁰⁰⁰¹
327 776 559 846 humflnflliflgffl
569 794 651 831 ⁰⁰¹¹¹³
666 777 780 832 seriii'ii
791 777 913 832 ”bimis
925 778 958 831 Ei
971 793 1071 845 ‘luam'
1125 802 1196 856 buiit
1207 801 1234 855 in
1252 801 1387 855 interiora
1401 804 1492 855 terne.
1505 802 1574 854 Ant.
1593 798 1810 853 Omnesiniruici
1825 802 1875 855 mei
1889 819 1924 857 au·
1985 798 1986 813 ¹

245 847 287 901 νὴ
302 846 408 901 fuerint
431 847 538 919 regidfl’
563 849 702 929 miserum
724 848 790 918 Regi
820 848 909 918 simlia
935 850 1070 929 “hhfflum
1126 873 1240 928 dierunt
1252 872 1361 929 malum
1371 888 1480 935 meum,
1493 869 1924 941 Domine.Lsetatisuntquuuiam

191 972 197 981 .
247 918 345 973 fimus·
359 919 502 973 H⁰⁵⁸⁰¹¹fl·
520 921 587 973 ‘¹¹²‘-
599 923 678 974 Ρῦθῃ
698 921 878 974 ssehrff'fflum
901 921 1072 973 ‘'esumeflia
1125 948 1154 998 tu
1169 943 1270 999 iecisti.
1283 945 1349 998 Ant.
1367 941 1611 1013 Alliga‚Dumiue,
1625 940 1654 995 in
1679 940 1794 995 vinculis
1816 941 1925 1000 nationes

247 990 468 1071 Pfffioeinihffim
482 990 510 1071 5¹¹.
526 990 579 1055 Via·
597 995 625 1045 eh
648 990 822 1072 ilflfflflhflmr
850 992 975 1072 ‘hictum
994 1011 999 1044 ²
1018 991 1071 1071 ῌΟ·
1125 1015 1264 1085 gentium,
1276 1018 1304 1069 et
1317 1030 1398 1086 reges
1413 1030 1512 1069 eorum
1528 1013 1557 1068 in
1568 1011 1761 1083 compedibus.
1781 1013 1846 1068 Veia.
1867 1016 1925 1070 Erue

193 1122 197 1133 .
247 1062 884 1141 sannarumbevianenediuusquii-enit
911 1076 1072 1141 innomine
1126 1086 1279 1142 ciramea.

247 1130 372 1185 Domini.
388 1131 454 1185 Ant.
469 1134 548 1186 i'ueri
562 1134 755 1198 Hebraeorum,
770 1133 901 1187 tollentes
912 1149 1008 1186 ramos
1021 1131 1071 1186 oti·

247 1202 1069 1268 varum,obviaveruntDomin0,ctamantesetdicentes:
1225 1255 1230 1266 ,
1319 1254 1325 1265 ,
1432 1155 1634 1263 ΜΨΨΜ
1699 1252 1742 1265 ..
1909 1252 1914 1265 .

246 1274 384 1328 Hosanna
410 1274 437 1327 in
467 1274 595 1330 excelsis.
627 1276 696 1331 Ant.
718 1275 778 1330 Tibi
801 1274 924 1330 revelavi
953 1290 1071 1329 causam
1159 1251 1925 1325 Aitiliti-5¹¹11011³d0i¹¹¹¹⁸i¹1⁰¹¹immitium&bittit·

246 1359 354 1408 meam,
371 1344 506 1400 depenso.
518 1346 582 1399 vpae
590 1362 673 1412 Μ,
685 1346 805 1401 Domine
812 1347 885 1401 Deus
897 1362 989 1401 meus·
1000 1346 1068 1400 Am,
1124 1324 1214 1397 gilare
1227 1342 1349 1381 mecum.
1359 1328 1429 1381 Ant.
1447 1325 1605 1382 Concilium
1618 1326 1747 1405 lecerunt
1759 1323 1858 1406 inimici
1869 1325 1922 1389 mei,

245 1415 386 1470 pnvocabo
402 1433 506 1470 „omen
533 1421 620 1480 quum,
635 1416 756 1472 Domine
778 1434 784 1483 ;
803 1434 839 1472 ne
867 1422 979 1473 avertas
999 1417 1069 1471 imm
1124 1398 1266 1451 dicentes:
1279 1397 1467 1451 Coutcramus
1484 1412 1549 1451 eum
1563 1398 1597 1452 de
1612 1398 1923 1451 terraviventium.Ant.

248 1486 374 1558 [taciem]
389 1494 468 1541 tuam
483 1487 637 1542 aciamore
653 1505 726 1543 ineo.
742 1490 813 1545 Ant.
832 1488 930 1543 Missus
941 1504 1005 1542 sum
1033 1487 1069 1541 ad
1124 1468 1263 1523 D⁰ffli¹¹i¹⁵
1273 1484 1386 1522 mecum
1402 1472 1589 1537 estlauquam
1604 1465 1821 1529 beilfliOifffiiiS·
1832 1469 1923 1535 iiiiii&

247 1574 314 1611 oves
328 1574 391 1684 guae
405 1558 549 1628 perierant
572 1560 675 1613 domus
699 1560 795 1623 israel,
822 1559 891 1614 dicit
914 1559 1065 1614 Dominus.

245 1630 313 1682 Ant.
355 1645 434 1684 irrues
445 1630 611 1683 collaudant
624 1647 729 1684 nomeu
743 1635 874 1691 tuamet
890 1630 1003 1684 dicent:
1021 1632 1070 1683 tte·

247 1699 376 1754 nedictus
391 1701 438 1770 qui
455 1700 531 1754 venit
546 1702 573 1755 in
588 1702 704 1756 nomine
715 1701 1012 1765 Domini‚hosannain
1024 1717 1068 1755 ex·

246 1770 339 1825 celsis.
351 1772 423 1826 Ant.
442 1772 594 1841 Creperunt
616 1788 716 1826 oiiiiies
732 1774 821 1827 turbae
836 1772 1069 1827 descendentium

245 1843 403 1965 gaudentes
417 1842 536 1896 laudare
554 1844 643 1896 Deum
659 1860 725 1897 voce
736 1860 851 1915 iringus,
868 1860 952 1911 super
976 1843 1069 1897 omui-

267 1928 297 1966 us
312 1928 376 1981 quea
392 1912 522 1966 viderant
543 1912 702 1975 virtutibus,
732 1915 879 1971 dicentes:
906 1914 1070 1969 Benedictus

246 1981 293 2051 qui
308 1984 387 2037 veuit
402 1982 460 2038 ilex
471 1983 499 2037 in
514 1984 630 2039 uomina
645 1985 767 2040 Domini.
795 1987 856 2042 Pax
880 1985 908 2039 iu
933 1986 1015 2052 emto,
1043 1989 1071 2039 et

246 2053 347 2179 giorila·
367 2053 395 2109 in
421 2053 547 2110 excelsis.
579 2058 637 2112 An.
669 2057 727 2111 Rex
752 2057 849 2124 isreel,
881 2056 1010 2112 hosanna
1040 2056 1068 2110 in

247 2140 312 2181 exce
326 2141 374 2179 sis.

441 2224 526 2279 t'eria
538 2225 653 2279 secanda
667 2225 697 2279 tn
716 2225 875 2281 Matutinis.

280 2320 398 2389 Antiptr.
417 2321 527 2375 Faciem
543 2339 635 2376 meaiii
645 2339 701 2377 uon
714 2322 849 2378 avertiab
860 2322 1070 2393 increpantibus

164 2428 168 2441 .
246 2394 275 2446 et
289 2392 511 2461 conspuentibus
524 2392 552 2446 io
566 2410 622 2447 me.
639 2396 707 2448 Ant.
724 2395 854 2457 Emissa,
871 2395 1007 2449 suscitare
1022 2395 1071 2449 ad·

244 2478 344 2517 versus
359 2478 406 2517 eos
421 2463 468 2534 qui
497 2464 663 2535 dispergunt
679 2482 791 2537 gregem
806 2482 912 2521 meum.
933 2467 1000 2519 Ant.
1017 2474 1071 2534 Ap·

245 2534 405 2604 penderunt
421 2537 581 2589 mercedem
598 2554 691 2590 ineam
704 2537 821 2606 triginta
831 2536 1069 2607 argenteis,qu0d

244 2604 419 2674 appretiatus
429 2623 492 2659 sum
504 2607 539 2660 ab
555 2607 604 2661 eis.
616 2609 682 2662 Ant.
698 2609 912 2663 tuundaveruut
924 2624 1006 2677 aquae
1022 2624 1069 2662 su·

243 2691 294 2801 sser
309 2680 394 2745 caput
407 2693 501 2731 meum
510 2695 520 2741 ;
529 2677 586 2732 dixi
597 2700 603 2733 :
616 2678 699 2743 Perii,
713 2679 849 2733 invocabo
861 2683 1067 2745 nomentum,

270 2746 365 2802 omine
380 2750 452 2802 Deus
464 2766 553 2804 meus.
567 2750 633 2804 Ant.
651 2750 736 2805 Labie
758 2752 837 2804 insur
857 2750 965 2804 entium
981 2753 1010 2805 et
1024 2766 1069 2804 ce·

244 2817 396 2946 gitationes
410 2835 509 2874 eorum
519 2820 592 2884 vide,
605 2821 734 2875 Domine.
756 2823 828 2877 Veia.
838 2768 913 2877 iiras
924 2821 1069 2889 ciramea,

271 2906 329 2954 eus,
346 2890 475 2945 animam
484 2908 591 2946 ineam.

555 2988 591 3043 tn
604 2990 757 3060 Eounqetio.

1124 1556 1173 1594 rea
1189 1538 1327 1609 persecuti
1342 1544 1408 1593 suut
1424 1554 1469 1593 me
1485 1538 1592 1593 inimici
1607 1538 1673 1592 mei.
1689 1538 1760 1592 Ant.
1775 1538 1857 1591 tanto
1868 1541 1923 1592 teui-

1124 1626 1191 1680 pore
1207 1612 1350 1664 vobiscum
1366 1627 1445 1664 eram
1461 1610 1566 1664 docens
1590 1609 1617 1663 in
1635 1608 1754 1680 temple,
1774 1612 1800 1663 et
1815 1624 1864 1661 uoii
1888 1624 1924 1663 iae

1123 1680 1263 1746 tenuistis
1278 1682 1364 1735 inodo
1375 1680 1550 1750 ssugeitaium
1560 1680 1661 1735 ducitis
1672 1679 1922 1749 adcrucitigeudum.

1123 1755 1193 1808 Ant.
1213 1752 1344 1817 Quotidie
1355 1754 1429 1821 apud
1448 1769 1496 1805 vos
1510 1768 1588 1807 eram
1604 1751 1630 1805 in
1659 1750 1769 1821 tempto
1792 1751 1924 1807 decresci

1125 1840 1181 1877 nou
1194 1839 1240 1878 mc
1253 1823 1395 1879 tenuistis.
1415 1823 1497 1876 ttodo
1509 1822 1562 1904 nug

1124 1895 1279 1965 ligandum.
1298 1897 1366 1949 Ant.
1385 1893 1494 1948 Ancilla
1505 1895 1576 1948 dixit
1590 1893 1674 1948 Petro
1689 1910 1759 1947 vere
1771 1896 1798 1947 et
1809 1890 1924 1946 tuerittis

1124 1983 1164 2032 es,
1181 1982 1248 2019 nuru
1262 1971 1290 2020 cl
1306 1965 1419 2035 loquela
1434 1970 1483 2019 lua
1503 1964 1690 2019 inanitestum
1711 1970 1739 2019 te
1767 1963 1839 2017 iacit.
1863 1965 1920 2018 Ant.

1124 2039 1215 2091 Amen
1231 2037 1294 2091 dieo
1311 2036 1399 2103 vobis,
1415 2035 1481 2106 quia
1502 2052 1575 2090 uuus
1591 2052 1624 2090 ex
1639 2034 1720 2089 robis
1742 2036 1831 2088 tradet
1852 2049 1890 2087 ine
1903 2032 1924 2086 iu

1125 2124 1228 2161 manus
1241 2112 1419 2177 peecatorum
1446 2106 1634 2178 quaerentium
1652 2123 1712 2160 me.
1734 2107 1780 2159 Vae
1798 2108 1882 2159 autem
1895 2102 1925 2157 iili

1125 2196 1175 2250 per
1191 2196 1275 2303 quum
1288 2179 1386 2232 tradar
1400 2194 1464 2247 ego.
1485 2181 1555 2233 Ant.
1573 2179 1717 2232 Tradetur
1730 2176 1803 2257 enim
1817 2175 1926 2246 gentibus

1125 2251 1162 2305 ad
1175 2250 1193 2303 il
1209 2252 1364 2314 edendum,
1381 2255 1409 2303 et
1425 2249 1641 2319 flagellandum,
1668 2255 1700 2303 et
1719 2246 1925 2318 crucifigendum.

1203 2347 1368 2418 Antiphone
1382 2354 1406 2402 et
1418 2347 1597 2417 Desponsam
1609 2347 1639 2400 in
1652 2345 1737 2401 Goeno
1753 2344 1863 2413 Domini,

1414 2420 1471 2472 sine
1484 2419 1657 2473 invitatorio.

1158 2516 1272 2586 Antipti.
1283 2515 1364 2572 Zetus
1374 2516 1476 2571 domus
1489 2521 1545 2571 tuae
1558 2514 1684 2570 comedit
1695 2531 1752 2577 me,
1764 2509 1926 2584 etopprobria

1123 2587 1351 2658 exprobrantium
1374 2587 1425 2641 tibi
1448 2587 1611 2643 cecideruut
1624 2602 1714 2656 super
1729 2602 1783 2640 me.
1798 2583 1863 2639 Prot.
1877 2580 1925 2636 Sat·

1124 2676 1190 2713 vum
1208 2675 1253 2712 me
1270 2658 1321 2721 iac,
1338 2659 1421 2713 Deus.
1449 2663 1514 2713 Ant.
1543 2659 1722 2713 Avertantur
1745 2661 1885 2712 retrorsum
1903 2656 1927 2734 et

1123 2732 1300 2795 erubescant,
1317 2729 1361 2799 qui
1379 2729 1506 2797 cogitarit
1518 2730 1588 2784 initii
1605 2729 1696 2784 mala.
1722 2728 1795 2783 Paat.
1810 2726 1882 2787 Deus,
1902 2739 1924 2777 in

1124 2802 1301 2872 adjutorium
1320 2801 1386 2854 Ant.
1400 2801 1473 2855 Deus
1490 2817 1579 2865 meus,
1595 2800 1671 2871 cripe
1691 2800 1779 2854 mede
1793 2810 1925 2866 manupae·

1123 2872 1241 2927 caloris.
1260 2872 1360 2925 Paniai.
1374 2873 1402 2925 ln
1418 2877 1455 2935 te,
1471 2872 1601 2930 Domine.
1623 2874 1649 2924 2.
1680 2871 1757 2925 Vera.
1774 2870 1840 2925 Deus
1852 2881 1924 2928 meus,

1125 2943 1202 3013 eripe
1216 2959 1273 2997 me.
1291 2943 1365 3013 ttcsp⁴
1378 2944 1408 2996 lii
1426 2948 1553 2997 montem
1568 2941 1663 2996 oliveti
1673 2941 1756 2996 oravi
1772 2942 1805 2993 ad
1818 2944 1924 3015 i’atremt:

1125 3016 1219 3077 Pater,
1235 3014 1257 3068 si
1278 3013 1338 3068 lieri
1354 3017 1456 3083 potest,
1470 3018 1597 3068 trauseat
1612 3030 1628 3067 a
1642 3029 1692 3067 me
1714 3012 1785 3067 catix
1799 3010 1857 3065 iste.
1879 3009 1926 3075 Spi-

282 3082 407 3165 Anttpb3
419 3084 946 3155 Appropinquabatautemdiesiestus,
957 3089 983 3141 et
993 3102 1071 3156 quoe·
1089 3088 1111 3147 c
1124 3086 1195 3140 ritus
1208 3085 1321 3155 quidem
1336 3090 1483 3155 promptus
1498 3090 1549 3141 est.
1567 3100 1633 3139 caro
1645 3088 1745 3139 autem
1762 3080 1927 3139 infirmamur

248 3155 349 3208 rebant
368 3155 507 3237 principes
522 3157 702 3210 sacerdotum
718 3158 863 3226 quomodo
877 3158 974 3212 lesum
988 3157 1073 3211 intor-

248 3224 375 3289 iicereut,
386 3227 435 3280 sed
450 3228 588 3281 timebant
602 3228 722 3296 plebem.
740 3228 806 3281 Ant.
823 3229 885 3282 Non
908 3229 1028 3283 haberes
1042 3227 1071 3282 in

249 3312 295 3350 me
310 3302 490 3366 potestatem.
508 3297 561 3351 nisi
575 3297 752 3368 desupertibi
768 3300 867 3353 datum
887 3298 1070 3354 inisset.Ant.

248 3366 408 3423 Recordare
424 3367 491 3437 mei,
505 3368 632 3431 Domine,
648 3375 676 3423 et
688 3385 754 3424 erue
770 3387 814 3423 me
837 3372 872 3424 ab
889 3369 931 3425 his
946 3370 993 3440 qui
1009 3387 1069 3441 per·

247 3444 405 3508 sequuntur
416 3456 474 3494 inc.
493 3441 561 3494 Ant.
572 3440 768 3495 tniii·mataesi
783 3441 871 3495 virtus
885 3458 959 3505 mea,
972 3441 1000 3496 in
1015 3457 1073 3495 uia·

247 3509 330 3563 nibus
341 3509 523 3565 inimicorum
540 3527 681 3566 meorum.
696 3512 763 3565 Ant.
782 3517 854 3567 Ante
874 3512 950 3568 diem
967 3512 1071 3567 festum

246 3579 361 3635 Paschae
376 3582 468 3635 sciens
479 3582 560 3637 lesus
575 3582 641 3653 quia
656 3582 733 3637 venit
749 3582 829 3649 hora,
847 3600 912 3638 cum
928 3583 1073 3639 dilexisset

246 3667 321 3718 suos,
335 3650 364 3706 iii
380 3652 467 3708 linem
483 3652 582 3707 ditexit
600 3670 658 3709 cos.

458 3748 543 3802 Ferro
558 3749 684 3803 tertiata
698 3750 857 3805 Atutntinia.

282 3843 348 3900 Ant.
365 3844 443 3912 Vide,
466 3845 598 3910 Domine,
614 3852 642 3901 et
657 3846 816 3909 considera,
833 3846 970 3918 quoniam
987 3847 1070 3902 tribu·

247 3916 301 3981 tor,
325 3916 460 3971 velociter
483 3917 586 3972 exaudi
611 3934 666 3972 me.
694 3919 761 3972 Ant.
793 3918 924 3973 Discerne
954 3934 1072 3972 causam

247 4003 353 4049 meam,
383 3988 519 4057 Domiue;
532 3990 567 4042 ab
592 3989 709 4043 homine
724 3989 821 4072 iniquo
837 3994 865 4044 et
880 3989 980 4043 doloso
994 3990 1071 4060 cripe

219 4090 226 4097 ·
247 4075 302 4113 me.
320 4058 386 4113 Ant.
401 4059 473 4114 Dum
488 4059 649 4124 tribularer,
663 4061 786 4115 clamavi
801 4062 837 4116 ad
853 4059 1019 4126 Dominum,
1036 4062 1071 4115 de

247 4134 345 4185 ventre
360 4130 444 4185 interi
455 4131 599 4186 exaudivit
611 4148 665 4186 mc.
678 4131 744 4186 Ant.
760 4132 889 4191 Domine.
901 4133 958 4185 vim
968 4132 1069 4202 patior,

245 4203 387 4269 responde
402 4218 451 4272 pro
468 4219 524 4267 me,
546 4203 614 4272 quia
628 4202 723 4256 nescio
744 4202 812 4286 quid
826 4202 920 4257 dicam
948 4202 1071 4257 inimicis

246 4272 1070 4399 meisAntDixeruutimpii:Opprimamusngirum

243 4341 363 4415 justum,
375 4342 441 4414 quia
457 4344 617 4399 contrarius
629 4348 672 4400 est
684 4344 815 4417 operibus
830 4362 882 4401 nos
897 4346 946 4403 ris.

554 4459 589 4514 tn
603 4460 756 4531 Evangelio.

280 4554 396 4626 Antipii.
411 4555 553 4627 Principes
564 4558 756 4621 sacerdotum,
775 4565 805 4612 ut
816 4575 909 4629 snpra.
934 4558 1002 4612 Ant.
1019 4556 1070 4614 Ne·

245 4644 293 4682 mo
305 4627 385 4682 totiet
401 4628 528 4683 animam
546 4645 651 4691 meam,
672 4629 722 4683 scd
737 4645 788 4698 ego
806 4646 879 4700 pono
901 4645 966 4685 eam
980 4636 1006 4683 et
1021 4629 1070 4685 ite·

245 4715 310 4754 ruui
325 4716 407 4753 suino
422 4716 496 4754 eam.
510 4702 577 4753 Ant.
593 4699 664 4764 Quia
677 4717 728 4767 ego
741 4706 833 4756 tecum
847 4718 922 4764 sum,
938 4702 973 4755 de
984 4717 1068 4755 mauu

244 4769 434 4841 pessimorum
448 4770 573 4825 liberabo
589 4776 627 4834 te,
643 4771 711 4825 dicit
726 4771 871 4826 Dominus.
894 4772 960 4826 Ant.
974 4773 1069 4827 Potes·

244 4844 333 4897 tatem
351 4842 442 4896 habeo
459 4841 718 4912 puncndianimam
728 4842 1069 4907 meam,etiterumsumo

246 4928 323 4969 eam.
341 4913 407 4967 Ant.
422 4911 564 4983 Scriptum
578 4917 619 4967 est
635 4913 711 4967 enim
723 4934 729 4965 :
743 4913 900 4968 Percutiam
924 4918 1069 4984 pastorem

246 4986 275 5038 et
289 4983 487 5055 dispergentur
501 5000 567 5037 oves
581 4983 683 5055 gregis.
701 4985 855 5055 Postquam
869 4992 966 5040 autem
978 5002 1070 5040 surre-

244 5069 326 5117 xero,
341 5056 497 5123 praecedam
513 5070 562 5109 vos
576 5057 604 5108 iii
616 5054 782 5121 Gatitaeam3
802 5056 838 5110 ibi
856 5073 901 5111 me
927 5056 1067 5118 videbitis.

246 5124 314 5178 dicit
329 5125 475 5179 Dominus.
493 5126 559 5179 Ant.
576 5126 1067 5194 NuncclarificatusFitiushuminis‚

245 5199 273 5251 et
285 5197 359 5250 Deus
375 5195 547 5251 clarificatus
562 5200 604 5251 est
619 5197 647 5251 iu
663 5214 707 5251 eo.
724 5200 789 5252 Ant.
803 5198 985 5270 Collegerunt
1001 5216 1068 5270 pou·

244 5267 333 5322 tiflces
350 5273 377 5321 et
389 5266 514 5322 Pharisei
529 5268 692 5333 concilium,
715 5274 744 5323 et
758 5269 908 5328 dicebaut:
926 5270 999 5336 Ouid
1026 5270 1070 5325 ia-

243 5337 352 5393 ciemus
364 5338 432 5408 quia
449 5338 493 5393 hic
508 5338 595 5393 homo
611 5340 703 5394 muita
715 5341 797 5411 signa
813 5340 933 5395 iacittsi
949 5340 1068 5395 dimitti·

243 5426 310 5465 mus
323 5426 387 5465 eum
398 5409 447 5472 sic,
461 5426 561 5465 omnes
573 5411 806 5466 credentineum.
821 5413 860 5466 Ne
871 5412 942 5467 torte
953 5412 1071 5468 veniant

244 5480 374 5535 Romani.
389 5485 417 5534 et
432 5481 533 5535 tolient
546 5486 676 5555 nostrum
690 5483 783 5537 locum
808 5487 835 5536 et
849 5489 975 5553 gentem.
997 5484 1068 5536 Veia.

245 5552 324 5606 Unus
340 5557 436 5606 autom
452 5570 483 5606 ex
496 5552 560 5617 iltis,
573 5553 694 5623 Caiphas
706 5552 832 5615 nomine,
847 5570 910 5607 cuin
920 5558 1071 5623 csscipon-

246 5620 312 5675 titcx
328 5622 397 5676 anni
412 5622 496 5685 iliius.
516 5623 696 5692 prophetavit
721 5624 836 5678 dicens:
859 5624 976 5694 Expedit
992 5624 1070 5679 nobis

246 5695 363 5829 hhrllehhs
375 5694 516 5749 moriatur
528 5693 615 5749 homo
628 5710 679 5766 pro
692 5693 807 5766 populo,
823 5698 917 5751 elnon
932 5698 992 5751 tota
1004 5711 1073 5766 gens

1125 3156 1325 3211 voluntastua.
1346 3156 1421 3212 t’ers.
1442 3158 1645 3211 Verumtamen
1658 3154 1854 3222 nonsicutegn
1867 3149 1925 3209 volo,

1126 3229 1176 3282 sed
1189 3228 1261 3281 sicut
1277 3231 1306 3282 tii
1321 3226 1371 3280 vis.
1386 3227 1455 3281 Fiat.
1475 3228 1550 3297 ttasp.
1576 3225 1676 3281 tristis
1703 3229 1744 3280 est
1766 3223 1856 3278 anima
1877 3234 1927 3273 mea

1125 3299 1263 3369 usquead
1278 3302 1396 3353 mortem
1412 3297 1627 3363 ;sustinetetiic.
1641 3301 1670 3351 et
1692 3295 1803 3367 vigitate
1822 3305 1924 3349 maruan

1126 3386 1201 3424 nuuc
1213 3369 1464 3424 videbitisturbam
1474 3368 1710 3439 quaicircumdat
1725 3382 1779 3428 me.
1792 3382 1838 3419 ros
1852 3364 1926 3431 iugari

1125 3440 1253 3511 capietis,
1270 3444 1298 3494 et
1312 3457 1363 3511 ego
1390 3442 1494 3494 vadam
1511 3439 1607 3563 77&
1619 3437 1766 3492 immolari
1786 3452 1832 3508 pro
1850 3431 1923 3487 vobis.

1133 3513 1205 3567 Vera.
1222 3510 1343 3592 Vigilate
1355 3514 1382 3565 et
1396 3516 1487 3573 orate,
1502 3511 1570 3565 dicit
1610 3509 1736 3564 omibus.
1753 3510 1840 3563 Nunc.
1855 3506 1922 3569 neap.

1126 3583 1195 3637 Ecce
1212 3582 1334 3636 vidimus
1348 3599 1414 3636 eum
1426 3598 1481 3636 uon
1495 3582 1649 3635 habentem
1661 3573 1926 3651 speciemncquede·

1125 3670 1220 3709 eorem
1234 3658 1382 3734 ;aspectus
1395 3654 1458 3723 ejus
1471 3653 1500 3707 in
1514 3668 1548 3707 eo
1559 3668 1615 3708 uon
1629 3656 1683 3707 cst.
1695 3652 1744 3706 llic
1759 3652 1864 3721 peccata
1876 3659 1926 3699 nos·

1125 3729 1170 3780 trs
1187 3728 1317 3794 portavit,
1332 3729 1360 3779 et
1375 3724 1516 3794 pronubis
1530 3722 1696 3794 dolet;ipse
1711 3727 1804 3777 autem
1820 3717 1926 3772 iulien-

1126 3801 1171 3851 tus
1186 3800 1227 3850 est
1238 3794 1525 3866 propteriuiquiiates
1538 3799 1661 3857 nostras,
1674 3794 1756 3866 cujus
1769 3793 1849 3846 livore
1859 3801 1925 3867 sana·

1126 3866 1146 3921 ti
1163 3884 1270 3920 siiiiius.
1294 3867 1366 3920 t'ers.
1389 3867 1459 3920 Vere
1473 3866 1625 3936 languores
1638 3869 1753 3919 nostros
1765 3858 1894 3938 ipsetuiit.
1905 3857 1927 3909 et

1126 3937 1308 3992 infirmitates
1322 3942 1434 3991 nostras
1449 3937 1509 4007 ipsc
1525 3936 1658 4005 portavit.
1676 3937 1776 4008 Cujus.
1795 3935 1850 3988 Ant.
1866 3928 1926 4004 libe

1126 4008 1200 4064 ravit
1211 4008 1348 4062 Dominus
1363 4024 1517 4079 pauperem
1538 4012 1700 4078 apoteote.
1722 4012 1751 4061 et
1771 4005 1875 4073 inopem
1892 4011 1926 4051 cui

1126 4096 1183 4135 nou
1199 4083 1261 4134 erat
1272 4079 1396 4151 adjutor.
1406 4080 1508 4133 Psotm.
1526 4078 1762 4149 Deus‚judicium
1775 4082 1858 4154 tuum.
1868 4070 1922 4152 Ant.

1126 4152 1326 4221 Cogitarerunt
1340 4149 1415 4219 impii
1429 4156 1457 4204 ct
1468 4149 1554 4205 locuti
1571 4155 1638 4204 sunt
1655 4150 1828 4220 nequitiam:
1843 4155 1925 4210 iniqui·

1125 4226 1216 4278 tatem
1231 4221 1259 4275 in
1274 4223 1382 4276 excelso
1394 4220 1480 4275 locuti
1506 4224 1582 4276 sunt.
1609 4220 1712 4275 Psotm.
1739 4221 1826 4283 Quam
1840 4215 1922 4269 bouus.

1124 4293 1191 4347 Ant.
1206 4294 1340 4363 Exsurge,
1368 4292 1497 4351 Domine.
1523 4295 1552 4347 ei
1572 4290 1672 4363 judica
1695 4304 1809 4345 oausam
1835 4298 1922 4340 uisam.

1087 4378 1109 4436 1)
1124 4364 1203 4424 Paul.
1222 4365 1258 4420 Ut
1272 4363 1340 4433 quid
1351 4364 1434 4418 Deus.
1452 4365 1529 4419 i'ers.
1544 4364 1680 4433 Exsurge,
1696 4360 1824 4417 Domine.

1445 4460 1633 4532 Responsorin.

1161 4559 1235 4631 neap.
1252 4556 1366 4612 Amicus
1379 4573 1460 4612 meus
1486 4557 1614 4613 osculum
1641 4555 1749 4629 [osculi]
1772 4569 1817 4608 me
1830 4545 1925 4606 tradidit

1123 4629 1223 4700 sign03
1255 4646 1319 4684 uem
1334 4630 1475 4683 osculatus
1492 4628 1572 4685 luero
1588 4628 1649 4699 ipse
1666 4631 1720 4691 est,
1747 4629 1835 4681 tenete
1855 4632 1923 4695 eumj

1123 4702 1177 4756 hoc
1193 4647 1302 4755 mahtim
1318 4699 1383 4754 iecit
1396 4700 1520 4771 signum.
1530 4699 1576 4771 qui
1588 4717 1636 4782 per
1646 4698 1773 4753 osculum
1783 4690 1924 4769 adimplent

1123 4771 1321 4827 homicidium.
1335 4771 1435 4827 tni'etix
1455 4772 1636 4842 pretermisit
1651 4768 1773 4841 pretium
1789 4773 1922 4843 sanguinis

1123 4843 1191 4899 etin
1212 4844 1299 4897 tinem
1319 4842 1420 4913 laqueo
1445 4858 1475 4897 se
1496 4842 1651 4914 suspendit.
1680 4839 1747 4895 Vens
1784 4835 1872 4892 hiehus
1891 4826 1922 4882 iiii

1125 4914 1217 4970 inerat
1235 4914 1257 4968 si
1274 4918 1358 4967 uatus
1373 4930 1430 4967 uon
1453 4912 1562 4968 fuisset.
1592 4911 1644 4977 Oui
1671 4926 1730 4981 per.
1752 4911 1828 4976 itesp.
1853 4902 1923 4957 ludas

1124 4985 1425 5055 mercatorpessimus,
1441 4984 1570 5039 osculnm
1590 4984 1659 5054 petit
1687 4980 1816 5036 Domino.
1843 4972 1923 5050 litati

1123 5059 1221 5129 Agrius
1234 5055 1370 5111 innocens
1385 5071 1441 5109 uon
1457 5071 1491 5110 ue
1512 5060 1541 5109 at
1554 5055 1634 5109 tudae
1649 5051 1788 5107 osculum.
1812 5049 1923 5122 Denaris

1123 5144 1186 5183 rum
1206 5143 1326 5182 nurnero
1337 5126 1479 5181 Christum
1493 5073 1598 5180 iudaeis
1611 5123 1738 5179 tradidit.
1761 5121 1829 5175 Vera.
1847 5112 1923 5168 listins

1125 5199 1228 5253 iuerat.
1241 5200 1322 5278 Hesp.
1340 5198 1417 5253 Unus
1430 5214 1463 5252 cx
1475 5196 1620 5267 discipulis
1643 5194 1713 5249 meis
1730 5192 1820 5273 tradet
1833 5201 1873 5241 me
1884 5182 1922 5259 h03

1124 5270 1179 5325 die.
1199 5269 1247 5323 Via
1262 5268 1302 5322 itti
1317 5283 1456 5338 perquem
1473 5269 1572 5323 tradar
1587 5283 1647 5337 ego.
1658 5264 1755 5320 illelius
1769 5262 1807 5316 iili
1819 5256 1923 5313 tueratsi

1124 5345 1209 5396 natus
1225 5356 1281 5394 non
1298 5339 1407 5393 luisset.
1423 5340 1498 5394 Vera,
1510 5339 1563 5403 Qui
1578 5336 1809 5407 intingitmecum
1824 5334 1922 5382 manum

1124 5428 1152 5467 iii
1168 5411 1329 5483 paropside,
1343 5409 1389 5464 hic
1402 5426 1447 5465 me
1462 5410 1618 5464 traditurus
1633 5412 1674 5463 est
1690 5407 1718 5459 iii
1735 5417 1831 5487 manus
1845 5407 1921 5478 pecca·

1124 5486 1229 5537 torum.
1245 5482 1343 5536 Metius
1361 5481 1463 5535 iuerat.
1476 5483 1560 5552 Hesp.
1575 5482 1657 5534 Eram
1667 5492 1747 5547 quasi
1758 5476 1847 5551 Agnes
1858 5478 1922 5521 uine

1125 5570 1201 5611 cens.
1218 5553 1318 5607 ductus
1332 5569 1395 5606 sum
1416 5552 1453 5607 ad
1475 5551 1695 5611 immolandum,
1721 5550 1748 5601 et
1762 5539 1919 5618 nesciebant

1125 5623 1276 5679 consitium
1287 5624 1414 5678 iecerunt
1423 5622 1530 5677 inimici
1541 5622 1597 5677 mei
1610 5610 1834 5688 adversumtme]
1844 5610 1920 5663 dicen·

1126 5700 1169 5751 tes
1181 5712 1188 5761 3
1200 5695 1345 5749 mittamus
1360 5694 1470 5765 liguum
1485 5693 1513 5748 iu
1530 5709 1604 5765 pane
1628 5693 1698 5765 ejus.
1720 5692 1746 5742 et
1756 5688 1919 5768 1οῳιῑςιζειῐιεῐξ

1128 5783 1194 5825 eum
1208 5767 1244 5823 de
1258 5770 1334 5825 terra
1348 5765 1515 5824 viventium.
1538 5766 1612 5822 Vera.
1628 5765 1732 5821 Omnes
1753 5766 1854 5814 mimici
1872 5757 1918 5804 mei

1548 1822 1684 1876 vellatum
1696 1821 1798 1877 ducitis
1812 1819 1923 1874 adorari·
1985 1838 1986 1849 .

1985 990 1986 1023 i

1985 1029 1987 1060 t

1985 1380 1986 1423 t

1985 1428 1987 1467 t

1985 1478 1986 1511 i

1985 1524 1987 1555 i

1985 1740 1987 1779 l

1985 1788 1986 1831 i
