4136 6180
261 196 337 293 sss
626 229 805 291 ieiuniis
827 230 879 291 in
899 231 930 293 s.
953 210 1131 325 cinnami
1146 231 1263 293 niani
1283 212 1478 295 siruamus
1498 233 1633 295 orsas.
1680 204 1683 213 ’
1921 240 1981 298 sio
2054 234 2055 315 j

277 364 353 420 idem
366 364 417 419 cst.
430 361 567 445 Denique,
584 364 615 416 ut
627 362 663 418 de
678 358 816 415 Romanis
839 356 996 417 lliluslibus
1008 360 1103 416 absol·.
1116 366 1140 426 Α
1154 363 1348 419 autemuinum
1358 364 1862 435 nonconsecratumperaaintificotnm
1869 384 1979 448 misni,
2054 390 2055 411 i

275 451 386 499 samus,
399 435 441 489 itu
464 437 573 497 ustinus
596 430 735 489 Patricius
758 432 851 486 uiuam
866 430 1034 505 simpliciter
1052 449 1101 504 ap·
1155 433 1177 489 si
1189 433 1345 490 haecveiba
1354 434 1384 490 in
1394 435 1439 491 vul
1462 440 1541 491 atum
1549 435 1685 491 Ordinem
1697 437 1861 493 itomanam
1872 442 1981 494 intrusa

274 506 372 578 pellat,
388 505 418 560 iii
432 504 451 559 li
472 520 495 560 r.
512 523 540 573 ii,
565 521 626 577 cap.
644 506 676 563 51
695 520 702 558 2
727 502 815 558 Sumit
833 504 927 559 einum
953 511 978 559 et
1002 520 1101 575 aquom
1155 506 1431 571 nonsunt,desancti
1454 506 1981 581 cationetantumaccidentariaexpli-

274 594 333 635 oum
346 583 488 650 partiente
505 582 537 639 iu
552 580 634 636 culice
653 575 794 637 existenti,
820 574 927 631 scilicet
952 575 1100 647 episcopus
1155 575 1214 632 cari
1230 575 1344 645 debent,
1355 592 1413 633 non
1424 594 1490 634 sero
1499 578 1533 634 sle
1542 579 1756 635 consecratione
1772 596 1840 635 vera
1852 597 1886 635 nc
1901 582 1979 637 reali.

276 649 368 720 [cxxix
383 653 481 709 divina
495 652 642 711 celebrans
658 664 733 731 papa
744 651 884 718 praesente
900 662 907 713 3
923 650 952 702 et
977 662 1037 717 cap.
1053 646 1099 716 51,
1192 647 1261 704 Huic
1275 647 1503 721 interpretationi
1519 648 1597 706 iavet
1618 649 1732 705 traditio
1753 650 1883 713 eoelesioe,
1902 653 1981 724 cnjus

274 720 405 792 pontifex
419 725 479 797 ipse
493 741 549 781 non
577 722 650 792 suqit
667 735 760 774 oenum
781 734 840 774 cum
867 720 981 786 calamo,
1005 717 1052 774 secl
1069 717 1100 773 de
1157 718 1290 775 meminit
1302 720 1484 776 Innocentius
1500 720 1609 792 primus
1622 720 1651 777 in
1664 720 1785 792 epistola
1813 723 1850 778 ad
1875 723 1980 780 Decen·
2054 762 2055 791 2

273 794 355 848 eutice
371 796 448 853 titis,
1154 789 1238 857 tium,
1274 790 1982 865 uoetraditiohabetistobiduo,quodPaschadiem
2054 800 2055 863 l

310 865 404 939 Major
418 866 625 925 estdiliieultas
647 864 677 919 iii
692 858 914 942 decimoulibello
942 863 1040 916 nostro
1056 859 1101 915 lile
1156 807 1307 929 arcessiit,
1335 870 1507 920 sacramento
1527 864 1642 936 penitus
1656 880 1708 918 non
1733 864 1868 921 celebrari
1884 882 1891 932 ;
1907 867 1983 938 quod
2054 882 2055 941 j

275 935 363 1006 edito,
380 940 506 996 obicum
557 939 614 993 itur
629 934 781 992 desistico
804 931 988 988 intirmorum
1017 948 1102 1003 praes·
1155 937 1347 999 contraesset,
1363 934 1983 1010 siriniconsecratiarerafieretquociinque
2054 944 2055 983 t

275 1008 393 1068 crlbitur
406 1010 447 1068 eis
456 1011 531 1067 tradi
570 1007 748 1066 uetaristium
761 1002 1102 1075 Dome‘uici'eorporisni'no
1156 1005 1272 1061 demum
1288 1010 1382 1076 pacto.
1397 1007 1494 1078 Neque
1519 1007 1596 1062 enim
1612 1006 1667 1062 dici
1694 1011 1790 1077 posset
1810 1016 1985 1065 sacramento

276 1080 398 1153 intincti,
413 1092 440 1139 et
456 1083 557 1147 ninum,
578 1080 632 1136 toti
657 1077 827 1135 intinctione
848 1076 1055 1147 sanctificatum,
1071 1074 1101 1130 in
1186 1078 1261 1132 nitus
1268 1094 1320 1132 non
1329 1077 1473 1143 celebrari,
1480 1076 1507 1132 si
1516 1078 1559 1134 rel
1566 1094 1599 1134 cx
1610 1081 1690 1149 parte
1699 1079 1779 1134 lieret
1795 1081 1983 1136 consecratio.

277 1144 1099 1227 Cirs’stisanpuiaemtransmutatumdicendo,Accipe,lra-
1181 1151 1192 1202 t
1206 1163 1273 1218 ergo
1283 1147 1337 1204 sibi
1351 1153 1462 1205 constet
1472 1148 1603 1205 Ecclesiae
1614 1148 1740 1216 traditio,
1751 1165 1785 1205 ea
1795 1150 1858 1206 sola
1879 1151 1983 1206 admit·

275 1225 481 1290 muriaticam
500 1223 626 1297 corporis
641 1226 669 1279 et
697 1216 851 1289 sanguinis,
868 1222 923 1273 etc.
946 1217 996 1273 llic
1022 1217 1100 1273 enini
1154 1219 1242 1275 tenda
1254 1222 1298 1275 est
1309 1220 1339 1275 in
1353 1220 1510 1276 Parasceie
1525 1218 1723 1286 sanctificatio,
1740 1237 1804 1292 quse
1825 1237 1985 1279 sacramen·

275 1298 518 1354 transmutationis
529 1294 697 1352 uocabulum
709 1291 819 1347 nuttam
830 1287 1100 1413 relinquitembiqui
1154 1290 1445 1346 torumomnimodam
1453 1290 1672 1348 celebrationem
1681 1308 1729 1347 seu
1741 1294 1985 1350 consecrationem

275 1383 374 1424 sensus
382 1369 603 1426 dubitationem.
616 1367 721 1422 Verum
733 1362 762 1417 in
773 1359 1059 1423 flituaitnomaoui’
1072 1376 1100 1414 o·
1155 1360 1298 1429 excludat,
1311 1361 1419 1419 scilicet
1432 1361 1490 1418 sini
1501 1362 1687 1418 sanctificatio
1698 1364 1873 1421 extrinsecus
1901 1365 1986 1421 inre

274 1439 372 1496 rentiae
388 1441 417 1496 in
433 1440 605 1496 bibliotheca
619 1440 726 1492 sanetae
741 1432 838 1487 Crucis
852 1436 1009 1496 asservato,
1023 1430 1100 1486 idem
1155 1433 1237 1489 niens
1252 1449 1286 1489 ex
1301 1434 1434 1489 contactu
1452 1433 1595 1505 particulae
1606 1437 1692 1491 antea
1710 1440 1892 1491 consecratis.
1908 1436 1985 1491 Sane

274 1509 345 1567 ritus
360 1511 462 1568 iisdem
477 1510 567 1568 uerbis
591 1508 723 1571 retertur,
740 1503 784 1558 his
797 1503 929 1574 exceptis,
947 1503 1102 1561 inclusisti
1155 1504 1178 1559 si
1192 1503 1317 1560 Ecclesia
1334 1505 1491 1575 perfectam
1502 1520 1536 1560 ex
1565 1509 1684 1577 utraque
1704 1506 1986 1577 speciccommunio·

274 1584 662 1653 saiipninemtransmutatum,
683 1575 760 1647 quod
775 1578 946 1645 argumento
961 1577 1005 1629 est
1022 1572 1100 1628 idem
1155 1574 1430 1634 neminParasccre
1442 1576 1549 1633 babere
1559 1578 1667 1650 absque
1678 1577 1870 1634 celebratione
1880 1577 1984 1634 voluis·

275 1655 404 1709 evenisse
416 1653 462 1709 isti
475 1651 581 1709 Rituali
593 1654 678 1721 atque
693 1645 791 1703 Ordini
805 1646 947 1711 Honiano,
970 1648 1001 1700 ut
1014 1660 1031 1700 a
1046 1643 1101 1716 pri·
1155 1650 1208 1715 set,
1223 1645 1304 1703 lacile
1313 1647 1554 1720 eratsanguinem
1565 1647 1747 1704 Dominicuin
1757 1664 1789 1704 es
1801 1650 1984 1721 precedenti.

164 1786 169 1795 ¹
275 1727 339 1778 reto
353 1725 478 1796 quodam
506 1728 621 1780 auctore
634 1717 834 1776 commentarii
846 1716 908 1771 loco
921 1716 1029 1771 inserta
1044 1715 1101 1771 sint
1116 1728 1140 1787 Β
1155 1717 1291 1774 sacrificio
1305 1717 1409 1802 [cinxi]
1423 1718 1452 1774 in
1467 1718 1624 1775 crastinum
1649 1736 1796 1776 reservare
1824 1720 1897 1777 cirta
1911 1721 1985 1793 peri·

275 1792 373 1851 isthec
387 1797 553 1867 verbaque
562 1787 944 1850 noncommuncmt'nclesirr
953 1789 1098 1857 Romane,
1155 1789 1250 1844 culum
1264 1789 1309 1846 vel
1321 1788 1454 1863 injuriam
1470 1790 1544 1846 tanti
1556 1790 1745 1848 sacramenti.

275 1865 326 1922 sed
340 1865 483 1937 privatam
505 1866 656 1938 cuiusdam
681 1858 807 1917 hominis
822 1858 995 1914 sententiam
1011 1859 1101 1929 expri-
1191 1861 1231 1916 De
1243 1861 1383 1917 Amalnrii
1398 1861 1539 1917 sententia
1553 1863 1649 1935 maior
1664 1867 1707 1918 est
1726 1861 1881 1918 difficultas
1899 1879 1906 1929 ;
1923 1880 1984 1934 qun

276 1941 368 1993 munt.
383 1941 464 1995 Certe
475 1939 598 1994 Jacobus
611 1951 628 1991 a
643 1931 767 1988 Vitriaco
781 1930 945 1995 cardinatis,
962 1929 1010 2001 qui
1026 1929 1100 2002 ejus·
1155 1936 1186 1987 ut
1197 1930 1308 1987 lucilius
1319 1932 1448 2004 capiatur
1456 1937 1485 1988 et
1494 1932 1660 2005 illustretur,
1673 1934 1916 2006 obseruarejuiat
1926 1948 1983 1989 non

275 2007 340 2063 dein
356 2009 487 2066 Ecclesiae
501 2007 663 2064 doctrinam
673 2004 808 2076 ignorare
818 2018 875 2057 iion
887 1999 1101 2084 poteratindu·
1155 2004 1320 2067 unam,sed
1345 2003 1440 2077 plures
1466 2003 1558 2060 tactas
1581 2004 1668 2061 luisse
1695 2006 1731 2060 ab
1746 2004 1891 2060 amalario
1920 2003 1982 2060 libri

275 2077 403 2136 bitanter
430 2080 560 2138 aitirmat
580 2078 694 2134 mentiri
728 2074 846 2144 eosqui
868 2074 966 2129 dicunt
992 2075 1022 2127 iu
1058 2071 1101 2126 itis
1156 2073 1305 2141 Oitlcialis,
1321 2074 1350 2129 in
1363 2091 1419 2157 quo
1433 2074 1487 2130 bac
1501 2075 1536 2132 de
1547 2092 1577 2131 re
1592 2075 1661 2149 agit,
1675 2076 1819 2133 Editioues
1831 2093 1881 2131 sau
1906 2091 1983 2131 reco-

275 2149 424 2207 Purasceoe
435 2168 530 2222 corpus
546 2150 653 2207 Christi
665 2164 699 2202 ec
710 2150 834 2202 contestu
847 2149 954 2199 mutare
967 2142 1102 2198 ninumin
1155 2144 1307 2218 guillones.
1325 2147 1434 2217 Quippe
1449 2146 1500 2202 sub
1515 2163 1624 2205 annum
1639 2147 1692 2202 820
1713 2146 1789 2202 istud
1812 2164 1894 2218 opus,
1908 2148 1983 2219 quod
2054 2168 2055 2193 i

274 2224 445 2292 sanquinem.
461 2224 554 2278 Nemo
568 2237 637 2293 ergo
652 2234 721 2289 ergo
731 2215 835 2272 dixerit
849 2215 924 2270 hanc
934 2213 1023 2270 luisse
1038 2216 1100 2268 tum
1155 2219 1281 2288 quatuor
1295 2216 1373 2271 libris
1385 2220 1508 2284 constat,
1519 2218 1689 2290 composuit,
1703 2217 1832 2290 illudque
1842 2218 1982 2274 Ludorieo

276 2292 413 2350 itomanae
427 2292 561 2350 Ecclesiae
575 2290 737 2347 doctrinam
751 2287 801 2342 sed
825 2290 857 2343 ut
871 2300 1018 2342 summum
1033 2301 1102 2357 qno·
1155 2290 1282 2359 Augusto
1293 2288 1478 2361 nuncupavit.
1496 2288 1604 2345 Deinde
1625 2304 1693 2345 seio
1720 2305 1785 2345 cuni
1802 2294 1867 2361 post
1892 2305 1983 2345 annos

274 2363 410 2419 rumdam
425 2363 582 2421 Ritualiuin
596 2361 798 2434 glossatorem⁴
911 2426 917 2439 ι
985 2427 990 2438 Ι
1155 2359 1254 2416 decem
1271 2360 1392 2415 Romam
1408 2360 1558 2417 abeodem
1573 2360 1981 2443 imperatoremissusluisset,

310 2434 337 2488 2.
353 2434 481 2492 Alterum
507 2437 602 2507 caput,
622 2431 699 2504 quod
721 2430 775 2484 lioc
799 2430 861 2484 loeo
890 2427 1100 2483 discutiendnm
1156 2430 1304 2503 multaque
1319 2430 1349 2485 in
1361 2430 1665 2488 ritibusecctesiosticis
1680 2448 1779 2488 coram
1793 2433 1982 2496 observasset,

276 2505 407 2570 occurrit,
421 2510 511 2562 eatan
535 2508 665 2561 auctores
690 2505 718 2558 et
745 2499 809 2556 libri
836 2516 904 2556 mox
931 2498 1042 2555 laudati
1068 2514 1102 2554 eo
1156 2517 1227 2573 opus
1242 2517 1327 2557 snum
1342 2502 1437 2558 denno
1448 2502 1622 2574 recognovit,
1639 2507 1724 2574 atque
1742 2502 1772 2558 in
1787 2519 1821 2558 eo
1845 2502 1985 2559 nonnulli

275 2575 380 2644 ferant,
395 2580 426 2633 ut
440 2577 566 2635 nonnisi
580 2577 615 2632 dc
630 2591 698 2631 sera
725 2576 755 2629 et
780 2572 892 2643 proprie
915 2568 991 2652 dicta
1005 2586 1103 2626 conse·
1155 2572 1290 2637 correxit,
1303 2578 1330 2629 et
1343 2572 1474 2639 mutarit,
1488 2573 1606 2645 praefixa
1620 2574 1698 2656 operi
1715 2591 1767 2630 suo
1778 2574 1984 2700 alterapraeia·

275 2646 401 2703 oratione
415 2646 624 2720 interpretandi
639 2646 706 2713 sint,
717 2643 772 2700 boc
784 2646 836 2709 est,
852 2659 889 2698 an
904 2657 939 2698 ea
953 2646 991 2696 sit
1001 2656 1101 2697 eorum
1157 2643 1243 2709 tione,
1258 2659 1322 2717 quai
1333 2643 1450 2715 hujusce
1463 2645 1667 2716 recognitionis
1679 2646 1859 2702 mentionem
1888 2644 1948 2701 acit
1958 2646 1985 2701 in

275 2718 418 2774 sententia
431 2720 532 2777 vinum
553 2736 587 2776 eir
601 2723 734 2773 contactu
758 2714 907 2787 particulis
927 2716 1102 2769 consecratis
1156 2715 1217 2771 baec
1230 2716 1318 2771 rerba
1331 2731 1337 2771 :
1348 2716 1750 2788 Postquainseripsilibettum,
1760 2718 1808 2789 qni
1817 2733 1833 2770 o
1845 2719 1986 2789 parcitate

276 2805 342 2846 sere
353 2806 386 2846 ac
395 2792 510 2863 proprie
522 2790 551 2847 iii
564 2787 666 2846 Christi
674 2786 845 2858 sangninem
857 2782 1031 2839 commutari
1044 2801 1051 2851 ;
1065 2798 1102 2838 an
1156 2802 1214 2841 ineo
1228 2793 1338 2840 oocntin
1347 2786 1564 2843 deecclesiostico
1575 2785 1681 2858 Officio,
1694 2787 1757 2843 osui
1766 2789 1889 2857 tionum,
1902 2789 1988 2843 iuter-

276 2876 342 2917 reco
357 2864 535 2920 consecratio
551 2856 797 2916 seusanctiticalio
807 2855 869 2913 haic
883 2853 1104 2911 creditasitlan·
1156 2858 1300 2939 reponique
1310 2858 1451 2914 ministros
1465 2858 1580 2914 eeclesia
1588 2859 1677 2914 macti
1685 2858 1775 2924 Petri,
1788 2863 1844 2915 ele.
1860 2860 1900 2915 lii
1913 2859 1987 2932 ejus·

276 2937 338 2987 tum
353 2933 545 2989 accidentaria
557 2936 586 2987 et
598 2928 803 3000 metaphorica.
1158 2927 1236 2983 modi
1251 2928 1523 3000 interrogationibus
1539 2927 1663 2986 multum
1679 2930 1800 3000 proiecit
1822 2929 1988 2986 tmalarius

311 3003 350 3057 De
366 3002 598 3060 Socrnmentario
614 2999 773 3080 Getasiano,
787 2997 877 3068 deque
883 2996 980 3079 primo
989 2994 1103 3078 Ordinis
1158 3000 1196 3055 ad
1207 2998 1368 3055 limandum
1381 3000 1581 3072 castigandum
1604 3018 1638 3057 ua
1649 2999 1754 3056 librum
1769 2998 1947 3065 Oiiicialem‚
1960 3001 1988 3055 in

277 3072 402 3128 Romani
417 3074 523 3138 libello,
539 3074 657 3144 ejusque
670 3070 784 3141 priona
806 3068 934 3140 pendice,
950 3066 1022 3122 nihil
1034 3074 1103 3147 certi
1119 3082 1143 3146 G
1158 3086 1214 3142 quo
1228 3074 1297 3125 nota
1311 3077 1421 3126 estnon
1438 3087 1527 3154 parra
1555 3018 1620 3128 tole
1638 3073 1771 3137 varietas,
1794 3088 1861 3127 cnm
1877 3072 1909 3127 in
1926 3072 1988 3127 aliis

277 3147 306 3198 ct
320 3142 460 3213 explorati
478 3144 573 3200 alterii
585 3146 689 3214 potest,
703 3086 1104 3221 quaniipqiiidemcommistae
1158 3140 1370 3212 exemplaribus
1384 3134 1467 3198 lectio
1482 3145 1568 3226 prior,
1584 3143 1614 3198 in
1625 3142 1688 3198 aliis
1713 3140 1854 3215 posterior
1862 3159 1988 3199 serrare·

237 3234 242 3249 .
277 3214 422 3285 particule
436 3219 550 3272 tantuin
565 3212 742 3270 mentionem
756 3210 942 3277 iaciunt‚non
957 3225 1104 3266 consecra·
1159 3220 1213 3268 tui.
1231 3213 1262 3267 ld
1275 3211 1392 3295 patetin
1406 3214 1505 3284 primis
1517 3230 1551 3270 ex
1563 3213 1611 3270 tib.
1623 3230 1642 3279 i,
1657 3215 1774 3286 capit,
1786 3215 1870 3286 cujus
1883 3214 1989 3286 duplex

277 3284 363 3339 tionis
378 3291 428 3342 aut
439 3284 675 3342 sanctificationis
689 3299 724 3340 ex
739 3286 873 3339 contactu
886 3280 1099 3353 consequentis.
1159 3288 1202 3339 est
1213 3282 1306 3339 Editio
1317 3284 1437 3340 omnino
1452 3285 1575 3341 diversa.
1587 3284 1681 3341 inillis
1693 3283 1834 3357 siquidem
1844 3284 1990 3357 exempla·

277 3356 460 3413 Hancautem
472 3358 576 3414 diserte
593 3354 727 3428 exprimit
735 3355 810 3411 Ordo
818 3350 1104 3425 Romanussulgatus
1158 3354 1247 3423 ribus,
1256 3354 1358 3438 quibus
1367 3357 1448 3411 deest
1461 3356 1642 3428 alteraquns
1657 3356 1787 3427 superius
1799 3355 1989 3413 meminimus

277 3427 314 3483 ad
338 3428 415 3485 ‹licin
444 3428 625 3494 Parasccves,
652 3426 786 3496 librisque
807 3423 936 3507 ¹vulgatis
962 3422 1104 3479 consentit
1158 3426 1299 3498 prefatio,
1312 3426 1353 3482 ila
1368 3427 1487 3483 aiiertui
1505 3426 1560 3483 hoc
1584 3430 1671 3499 capnt
1686 3443 1692 3483 :
1707 3427 1770 3483 Post
1791 3427 1841 3483 boc
1857 3427 1989 3499 praecipit

277 3499 495 3556 vindocinensis
510 3500 613 3565 Codex,
629 3497 684 3553 nisi
707 3494 844 3568 quodubi
870 3511 899 3550 in
914 3494 1004 3551 Editis
1018 3494 1103 3550 habe·
1158 3496 1231 3553 Ordo
1242 3497 1433 3569 etpresbyteri
1442 3499 1664 3571 atterontcorpiu
1677 3499 1797 3564 Domini,
1812 3499 1885 3571 qood
1919 3498 1989 3552 ridie

276 3570 555 3640 inusSanctificutur
569 3575 659 3625 autem
678 3568 775 3625 einum
790 3584 844 3623 sion
857 3570 1041 3623 mnsecrotum
1053 3581 1104 3637 pei·
1157 3569 1299 3652 remansit²
1315 3569 1459 3625 etcoliasm
1472 3570 1605 3626 camnine
1616 3586 1671 3626 uon
1684 3576 1844 3625 consecrato.
1901 3568 1990 3640 tqui·

274 3641 474 3713 sanctificatum
482 3658 595 3714 punem,
610 3640 640 3696 in
653 3638 787 3712 predicto
799 3638 904 3699 Codice
915 3638 940 3694 le
961 3636 1104 3692 iturSanc·
1156 3639 1737 3714 busdaminterpositis,quasadmoralein
1747 3639 1990 3713 significationem

276 3710 368 3778 lineet,
383 3717 449 3779 etc,
466 3714 544 3770 nullo
562 3711 713 3769 sententiae
741 3709 912 3767 discrimine.
968 3724 1050 3764 erum
1065 3724 1102 3762 an
1157 3710 1318 3782 pertinent:
1334 3710 1498 3784 Haecposita
1511 3714 1542 3768 in
1552 3713 1731 3783 attestetur
1742 3710 1865 3767 inuidos
1880 3710 1991 3767 Oratio

275 3783 403 3840 clausula
418 3784 479 3841 boec
494 3784 523 3843 in
538 3783 708 3857 primigenio
721 3778 877 3852 exemplari
888 3779 1010 3836 Romani
1019 3778 1102 3834 Ordi·
1156 3798 1217 3837 nem
1231 3782 1401 3838 Dominioom
1415 3790 1442 3839 et
1462 3798 1491 3839 se
1509 3784 1673 3854 uentiaejns
1698 3800 1782 3856 nsque
1805 3783 1860 3839 l’er
1888 3782 1992 3839 omnia

276 3854 433 3926 nisscripta
443 3854 539 3923 luerit,
551 3855 653 3911 merito
663 3852 785 3909 dubitari
795 3854 897 3923 potest.
908 3853 1005 3922 Neque
1024 3848 1102 3907 enim
1157 3852 1456 3910 soecutssssculorum.
1479 3801 1539 3911 lica
1552 3862 1674 3925 peracto,
1700 3854 1815 3912 assumit
1843 3853 1878 3910 de
1895 3856 1991 3908 macto

275 3924 305 3980 in
320 3925 556 3983 Sacramentariis
579 3925 731 3982 Gelasiano
751 3927 780 3980 et
802 3922 990 3994 Gregoriano,
1008 3922 1100 3993 [cxxx]
1157 3940 1278 3995 corpore,
1293 3930 1321 3978 et
1335 3925 1416 4007 ponit
1434 3926 1466 3980 in
1479 3925 1564 3983 culice
1588 3925 1699 3981 insudo.
1725 3926 1783 3981 Pax
1814 3923 1934 3981 Domini
1955 3924 1991 3980 sit

274 3997 440 4068 nequeunti
464 3997 590 4054 uioribus
618 3996 733 4052 Ordinis
760 3994 881 4052 Romani
909 3991 1012 4049 libellis
1024 4008 1103 4064 repe·
1157 4011 1215 4050 seni
1237 3995 1424 4052 eisobiscom
1438 4012 1493 4051 non
1512 3997 1627 4063 dieitur,
1654 3996 1724 4069 quin
1751 4012 1805 4052 non
1837 4002 1990 4067 sequentiis

275 4070 347 4124 ritui
361 4016 569 4133 inscisionis,
579 4083 642 4140 quoe
652 4067 798 4148 glossema
806 4064 915 4149 redolet
929 4061 1101 4136 interpretis,
1156 4011 1503 4123 osmiaetrsnmtomtom.
1526 4066 1719 4139 Sanctificetur
1733 4068 1805 4123 enini
1826 4067 1924 4122 einum
1937 4082 1989 4121 nou

276 4155 334 4194 iion
348 4139 433 4211 primi
448 4139 572 4197 auctoris
585 4138 672 4193 ritum
683 4138 778 4209 ipsum
790 4136 975 4192 instituentis.
1156 4143 1341 4194 consecratum
1354 4153 1406 4210 per
1418 4136 1616 4209 sanctificatum
1630 4155 1740 4211 pauens.
1757 4140 1854 4195 Postea
1868 4154 1987 4194 comme·

311 4212 347 4265 ttt
359 4210 496 4281 permisso
512 4211 586 4266 banc
601 4209 760 4265 clausulam
785 4222 846 4264 esse
874 4207 962 4289 ipsius
988 4204 1102 4288 Ordinis
1156 4207 1250 4263 nicom
1260 4224 1357 4264 omnes.
1372 4209 1419 4265 Sic
1430 4209 1554 4267 babetur
1567 4209 1597 4265 iii
1606 4210 1708 4266 Codice
1718 4207 1895 4274 Colbertina,
1906 4224 1986 4265 num.

277 4281 399 4336 Rornani
410 4297 496 4352 quem
507 4281 594 4337 tertio
603 4281 663 4335 loco
672 4279 783 4336 edimus
792 4293 948 4350 propriam,
963 4293 1021 4333 non
1032 4293 1102 4333 asci-
1156 4280 1219 4346 itt,
1227 4278 1257 4334 in
1269 4284 1391 4351 qnotres
1403 4280 1703 4352 tantumprioieslibri
1716 4280 1871 4345 habentur,
1883 4279 1987 4336 omissa

276 4350 371 4406 titinin
386 4370 394 4423 3
411 4350 474 4422 quis
488 4352 606 4408 tandem
621 4349 683 4423 ejus
710 4348 836 4405 sensus?
850 4350 925 4405 Sane
952 4348 1005 4403 etsi
1026 4348 1102 4418 apud
1157 4349 1486 4423 prestationeposuriori
1495 4369 1503 4423 ;
1516 4350 1667 4407 sicinaliis
1677 4351 1767 4407 tribus
1776 4350 1986 4423 exemplaribus

277 4421 450 4493 cyprianum
463 4422 493 4478 in
508 4421 630 4493 epistola
650 4420 689 4475 ad
702 4419 862 4491 Epictetum
878 4419 955 4476 idem
973 4418 1011 4474 sit
1024 4417 1102 4474 obla·
1119 4437 1220 4505 unae
1246 4420 1357 4477 viderat
1383 4421 1551 4494 Hittorpius,
1579 4424 1656 4495 apud
1698 4439 1784 4494 quem
1817 4423 1986 4495 praedictum

276 4492 385 4547 tionem
395 4492 565 4563 soiictificosu'
576 4508 608 4547 ac
622 4491 795 4559 consecrari,
819 4494 918 4546 tamen
933 4488 1063 4545 hocloco
1078 4488 1102 4545 is
1156 4495 1243 4564 caput
1255 4492 1289 4547 lb
1304 4492 1334 4548 in
1353 4494 1446 4565 operis
1458 4497 1593 4550 contextu
1619 4493 1738 4550 omnino
1761 4492 1909 4550 diversum
1936 4496 1983 4553 eu

275 4567 389 4618 tantuin
403 4579 503 4619 sensus
515 4563 709 4627 videturesse,
725 4560 869 4618 ulsinum
885 4576 943 4618 non
953 4576 1101 4616 consecra·
1157 4578 1190 4618 ex
1203 4578 1259 4634 quo
1271 4563 1332 4619 binc
1346 4563 1518 4622 delibamus.
1533 4564 1568 4619 ln
1587 4566 1719 4637 inperitis
1744 4572 1896 4621 mnuorato
1920 4563 1986 4618 libro

276 4638 336 4688 tum
344 4634 600 4691 sanctificationem
612 4631 835 4688 accidentariam
846 4631 968 4705 accipiat
975 4648 1009 4687 ex
1015 4631 1102 4702 parti·
1157 4633 1647 4719 inueniscriptismistdnopresbqteri
1653 4636 1838 4762 aperantpost
1846 4634 1987 4692 mistum

276 4704 345 4761 culae
359 4704 498 4762 immissa
512 4706 656 4766 contactu.
669 4719 728 4759 non
745 4707 842 4759 autem
854 4702 1101 4760 consecrationem
1157 4720 1215 4759 nem
1222 4706 1312 4761 crucis
1318 4723 1414 4789 eorpus
1420 4706 1668 4780 Domini,quoilpri
1687 4711 1885 4763 ieressrnotuiii
1895 4706 1987 4779 [uitet

276 4792 373 4831 seram
389 4794 421 4833 ae
436 4776 555 4842 realem,
568 4791 626 4848 qua
641 4774 739 4857 sinum
753 4775 783 4858 ip
799 4774 905 4831 Christi
930 4774 1101 4902 sanpuinem
1156 4777 1334 4833 caticumenis
1341 4794 1403 4834 orno
1413 4794 1464 4834 non
1472 4786 1635 4846 consenum,
1647 4778 1722 4851 quod
1728 4785 1794 4835 tune
1804 4783 1985 4837 miscerier,

275 4863 306 4902 re
321 4864 387 4903 vera
402 4852 605 4904 commutetur.
621 4846 652 4902 ld
662 4861 771 4902 nemini
783 4846 936 4903 obscurum
949 4846 977 4902 vi
998 4846 1100 4912 abitur,
1156 4847 1432 4905 elindeoommunicet
1490 4851 1564 4905 silus.
1574 4849 1988 4921 Diquootssroottooetmerro

276 4918 299 4973 si
314 4922 422 4976 attente
435 4920 612 5002 expendatur
627 4917 705 4974 locus
719 4934 754 4974 ex
779 4917 874 4974 officio
897 4917 927 4973 in
943 4919 1031 4974 Coena
1045 4918 1101 4972 Do·
1155 4921 1220 4990 poni
1227 4918 1429 4976 Dosnonumorc
1449 4922 1461 4975 i
1480 4921 1614 4987 insonum,
1622 4920 1849 4993 etillerespondit
1856 4915 1988 4995 imni]

278 4988 358 5056 mini,
374 4994 459 5062 prout
471 5008 501 5046 in
517 4989 640 5060 vulgetis
667 4992 761 5045 exstat
776 5008 782 5049 :
798 4989 930 5062 Pontifex
944 4989 1051 5044 veniens
1064 4988 1102 5046 ad
1157 4990 1190 5044 ln
1200 5006 1233 5045 eu
1253 4994 1376 5058 statione,
1392 4991 1442 5048 ubi
1469 4993 1642 5063 Apostolicns
1655 4992 1758 5047 salutet
1772 5008 1894 5056 murem,
1912 5005 1988 5046 mint

276 5061 368 5118 ultore
377 5062 481 5117 diuidet
492 5060 604 5127 oblatus,
615 5067 743 5117 etsunint
752 5059 784 5115 de
793 5062 861 5132 ipsis
870 5060 974 5116 oblatas
983 5061 1102 5142 intepras
1156 5059 1197 5116 ilii
1204 5064 1392 5120 communicat.
1409 5063 1464 5129 Qui
1467 5064 1550 5135 jueta
1559 5062 1689 5120 Ordinem
1707 5062 1793 5118 libelli
1803 5078 1857 5135 per
1870 5061 1989 5118 oomnis·

277 5132 315 5199 qd
328 5133 584 5204 inconstantesque
599 5132 748 5189 manediei
772 5132 941 5197 Purosccoes,
957 5131 991 5188 cle
1004 5129 1102 5215 quoius
1156 5136 1260 5189 tionem
1270 5134 1352 5203 ponis
1364 5142 1391 5192 et
1404 5135 1463 5188 uini
1489 5139 1626 5191 comerent
1648 5134 1755 5201 uinum,
1784 5150 1838 5190 non
1866 5133 1988 5189 otumu

276 5204 479 5260 coinmunirout
493 5204 590 5276 absque
603 5206 732 5275 maraine
746 5202 874 5262 Domini.
905 5202 1026 5274 Sonpnis
1040 5217 1102 5256 nero
1157 5202 1830 5277 traditionemerotesis,mquattctttmoemtms
1843 5205 1898 5262 isto
1911 5202 1989 5258 bidus

276 5275 368 5331 eudem
396 5275 439 5330 ilie
463 5278 570 5347 penitus
596 5280 783 5332 cannameles.
814 5276 852 5331 lii
880 5274 981 5346 quibus
1010 5272 1103 5329 serbis
1156 5276 1446 5348 sacrementnpenitus
1460 5277 1672 5332 noncelsbruri.
1686 5276 1809 5332 Tantam
1825 5275 1988 5346 discrepan-

276 5345 366 5417 liquet
380 5346 454 5402 lianc
464 5363 525 5402 esse
538 5346 619 5402 istius
632 5346 686 5401 loci
711 5345 894 5409 sententiam,
910 5343 986 5400 utin
1001 5344 1103 5399 Paras—
1156 5347 1228 5402 tiam
1239 5348 1292 5402 tioc
1304 5347 1332 5402 in
1348 5347 1450 5418 capite,
1467 5351 1496 5402 et
1511 5346 1540 5402 in
1553 5346 1621 5416 atio,
1645 5348 1680 5403 de
1736 5362 1833 5402 oinos
1847 5347 1988 5403 dicemus.

276 5433 342 5473 cese
352 5418 519 5473 communis
533 5417 583 5472 ssat
607 5418 705 5488 absque
728 5416 860 5488 sanquine
884 5415 1009 5481 Domini,
1037 5415 1104 5485 quia
1157 5433 1223 5472 cum
1238 5418 1407 5473 advertisset
1419 5418 1583 5490 llittorpius,
1595 5434 1659 5474 cam
1670 5419 1705 5473 tri
1727 5418 1768 5473 uit
1783 5418 1907 5475 ‹lirersss
1918 5416 1990 5490 ejus·

277 5488 368 5560 pridie
383 5490 493 5561 scirpis-is
510 5488 620 5555 penitus
634 5495 810 5554 comtemptus
837 5486 901 5542 luit.
929 5489 1002 5557 Ergo
1021 5501 1103 5540 inens
1157 5488 1223 5543 dem
1240 5488 1333 5560 operis
1349 5487 1470 5545 Editioui
1484 5490 1519 5544 ab
1545 5495 1662 5546 auctore
1689 5488 1781 5554 lactes,
1809 5493 1839 5544 et
1861 5488 1989 5561 priorem

278 5560 400 5615 auctoris
411 5564 455 5616 ost
467 5560 563 5613 sinum
578 5573 644 5613 ieie
654 5574 686 5613 ae
702 5558 814 5629 proprie
828 5556 998 5629 sanguinem
1014 5555 1104 5611 liaud-
1159 5558 1272 5630 quidem
1288 5560 1373 5631 hujus
1389 5559 1490 5631 capitis
1509 5560 1661 5616 lectionem
1686 5560 1785 5632 prima
1800 5575 1864 5616 esse
1878 5557 1990 5616 Editio·

278 5646 423 5701 quaquam
437 5630 682 5685 tieriexcantactu
695 5627 841 5699 particulae
852 5627 1006 5684 incalicem
1017 5626 1105 5699 injec-
1161 5629 1205 5685 nis
1219 5629 1337 5696 censuit,
1352 5631 1538 5703 posteriorem
1554 5647 1621 5687 vero
1641 5631 1779 5704 recogniti
1795 5631 1901 5703 operis.
1919 5626 1991 5684 lllud

279 5698 784 5765 tee,atinscommuniononfieretabs
802 5700 1102 5770 uesanpuiueDomini.
1159 5709 1329 5773 argumento
1356 5705 1400 5758 est
1424 5702 1501 5774 quod
1516 5703 1678 5758 Amalarius
1702 5703 1796 5774 ipsum
1821 5718 1854 5758 ca
1878 5706 1912 5775 ut
1938 5700 1991 5771 boc

280 5769 375 5839 ltaque
385 5786 450 5827 cum
462 5770 491 5828 in
507 5769 601 5827 allicio
610 5717 899 5842 Parasceiesiegitur.
910 5770 1105 5841 Sanctificetur
1159 5773 1246 5828 modo
1257 5773 1437 5846 recognitum
1449 5773 1565 5845 incipiat
1575 5770 1843 5845 abintermgatiode
1856 5718 1991 5828 floruisse
