4136 6180
15 882 17 897 ι
114 855 158 919 tui,
170 860 197 911 et
210 855 304 912 claves
320 856 397 928 regui
412 858 549 914 ciclorum
560 862 603 912 tra

117 240 167 304 iso

769 238 877 304 LIBER
895 236 1144 303 exmonachis

1753 235 1810 299 iso

16 390 18 399 ’
115 377 170 431 tues
182 388 231 429 eos
245 368 387 445 principes
401 388 485 447 snper
499 389 617 430 ornnem
635 375 744 429 terram
760 389 768 441 ;
785 389 929 429 memores
945 379 969 440 Α
984 372 1049 429 cula
1058 370 1155 445 jussit,
1168 368 1217 444 qui
1230 371 1258 428 te
1271 369 1434 428 mundanos
1444 365 1528 442 jussit
1537 362 1804 427 dissolverenexus.

114 518 140 572 ln
154 531 266 572 omnem
282 521 402 572 terram.

418 615 608 688 Ilesponsoria.

143 712 216 783 Deip.
232 712 333 770 Simon
346 713 440 779 Patre,
457 719 613 785 antequam
624 714 659 770 de
674 714 927 779 navivoearemta,

16 810 17 813 ¹
113 786 170 839 novi
185 789 211 840 te
226 802 233 841 z
245 789 274 840 et
285 801 370 855 super
381 786 495 857 plebem
507 785 774 912 meamsgintcgpeqi
785 790 813 840 te
825 785 929 922 conuehi·

625 873 733 912 iiii.
767 874 820 912 ars.
859 873 928 912 uo-

113 942 214 998 eunque
230 927 359 999 ligaveris
371 944 456 1000 super
480 932 599 993 terram,
630 930 685 984 erit
709 928 828 999 ligatum
855 928 926 984 etin

113 998 202 1067 cmlis‚-
217 1002 245 1053 et
268 1001 456 1071 quodcunque
481 999 600 1055 solveris
625 1005 843 1071 superterram,
872 999 928 1055 erit

112 1069 270 1125 solutumst
285 1070 415 1127 incaelis.
437 1071 471 1125 Et
481 1070 585 1128 claves.
608 1073 687 1139 Rern.
704 1071 733 1127 Si
762 1070 856 1142 diligis
870 1088 925 1135 me,

112 1140 204 1197 Simon
220 1142 311 1205 Patre,
328 1158 410 1213 pasce
436 1158 503 1198 oves
524 1159 615 1198 meas.
638 1142 769 1208 Domine,
788 1147 817 1196 tu
841 1142 926 1205 nosti,

110 1212 172 1283 quia
182 1228 247 1268 nmo
260 1217 336 1277 laet
348 1213 477 1269 animam
492 1230 588 1269 meam
601 1230 676 1285 pono
691 1230 742 1285 pro
753 1217 789 1269 te.
809 1214 883 1268 Vari.
895 1212 927 1270 Si

110 1284 260 1355 oportuerit
272 1301 318 1339 me
329 1283 402 1339 mori
422 1290 526 1349 tecum,
551 1301 608 1339 non
623 1289 651 1340 te
666 1285 790 1411 ncqlabo.
820 1286 853 1340 Et
865 1285 927 1340 ani·

109 1371 191 1409 mam.
208 1356 291 1425 Hesp.
307 1356 347 1410 Tu
363 1373 393 1411 es
410 1356 524 1420 Petras,
551 1361 579 1412 et
602 1373 687 1428 super
731 1372 785 1411 auc
810 1356 926 1412 Petram

108 1426 249 1481 edificabo
274 1426 429 1483 Ecclesiam
456 1444 562 1489 meam,
588 1431 616 1483 et
636 1431 726 1509 portae
752 1426 836 1482 inseri
867 1443 925 1482 noii

15 1520 17 1525 ·
107 1497 297 1568 praevalebunt
311 1499 446 1554 adversus
461 1515 524 1555 enm
537 1502 581 1554 :et
594 1499 644 1554 tibi
657 1499 730 1555 dabo
745 1497 924 1571 clavesregni

15 1618 16 1637 ξ
106 1569 247 1626 emiorum.
273 1571 348 1626 Vera.
361 1570 564 1642 Quodcunque,
582 1578 612 1625 iit
625 1587 686 1641 sup.
701 1570 734 1625 iti
746 1568 809 1627 tibi.

348 1669 382 1723 ln
396 1668 509 1723 secando
525 1674 670 1725 nocturno.

136 1766 201 1818 Ant.
221 1762 365 1835 Principes
389 1763 558 1835 populorum
587 1764 753 1837 congregati
772 1770 840 1821 sunt
858 1782 924 1821 cuin
978 1795 998 1850 H

15 1840 16 1907 t
105 1832 332 1892 Deortbraham.
360 1836 434 1890 Psat.
452 1837 559 1892 Omnes
587 1840 700 1908 gentes.
732 1839 797 1892 Ant.
816 1837 923 1892 Dedisti

14 1916 16 1941 ¹
105 1904 299 1962 hereditatem
312 1907 690 1971 timentibusnomentuum,
705 1909 919 1965 DominePsal.

106 1976 217 2035 Exaudi.
237 1977 321 2045 Deus,
337 1979 578 2050 deprecationem.
589 1981 657 2034 Ant.
674 1980 926 2035 aununtiaverunt

107 2064 186 2118 opera
199 2049 260 2112 Dei,
274 2054 304 2104 ct
316 2052 389 2105 laeta
411 2051 472 2121 ejus
488 2050 699 2106 intellexeruut.
714 2051 788 2107 Paul.
805 2052 923 2114 Exaudi,

107 2119 184 2184 Deus,
201 2121 368 2177 Orationem
385 2137 481 2176 meam
494 2139 559 2177 cum
571 2123 716 2193 deprecor.
732 2122 923 2178 VeraDedisti

106 2190 309 2247 haereditatem.

137 2263 319 2331 Responsurin
338 2264 409 2319 ande
421 2280 517 2336 snpra.

138 2334 212 2406 llesp.
228 2334 444 2393 Damiuc,situ
478 2352 517 2400 es,
545 2336 610 2408 jube
637 2352 683 2391 me
710 2335 808 2392 venire
831 2338 868 2392 nd
896 2340 922 2393 le

105 2421 183 2476 super
209 2422 309 2477 aquas.
337 2407 371 2460 Et
393 2409 549 2463 extendens
591 2424 710 2463 manum
735 2409 923 2478 apprehendit

106 2492 165 2531 eum
177 2493 184 2530 :
196 2481 224 2532 et
249 2477 320 2532 dixit
335 2479 370 2532 ad
386 2494 452 2534 eum
470 2497 476 2531 :
492 2477 608 2534 Modicia
627 2478 704 2543 tidci,
728 2495 816 2549 quare
843 2480 922 2535 dubi·

18 2544 19 2599 }
105 2546 193 2602 testi?
208 2548 284 2603 Vers.
300 2550 428 2621 Cumque
443 2549 560 2605 vidisset
580 2556 697 2604 ventum
725 2550 851 2606 validum
877 2568 922 2606 vc·

104 2620 222 2675 aientem
235 2620 341 2689 timuit,
354 2626 382 2676 et
408 2637 473 2676 com
497 2620 629 2692 caepisset
665 2622 766 2693 mergi,
785 2621 922 2677 clamavit

104 2690 195 2746 dicens
209 2708 215 2746 :
229 2692 361 2755 Domine,
378 2691 489 2747 salvum
500 2709 547 2748 me
562 2691 615 2747 lac.
628 2693 920 2765 Etextendens.ltesp.

15 2800 16 2833 ,
103 2762 196 2845 Surge,
218 2763 310 2830 Petre,
324 2768 352 2819 ct
378 2763 465 2820 indue
479 2768 505 2819 te
537 2763 714 2820 vestimentis
737 2765 810 2829 tuis;
825 2764 921 2836 accipe

103 2831 297 2889 fortitudinem
317 2835 353 2889 ad
368 2834 521 2890 salvandas
552 2839 661 2906 gentes,
698 2834 744 2890 iiia
758 2835 922 2892 ceciderunt

102 2907 205 2959 catenis
218 2906 253 2959 de
264 2905 398 2961 manibus
413 2905 478 2961 tuis.
493 2905 571 2962 νννν.
605 2852 730 3032 ΑιιὶνἹιιν
755 2912 851 2964 autem
868 2908 922 2990 Do·

103 2974 170 3030 mini
186 2977 286 3040 astitit,
303 2981 332 3031 et
346 2976 443 3033 lumen
457 2977 569 3033 relulsit
580 2977 654 3033 inho
676 2977 919 3045 itacnlocarceius,

102 3045 186 3119 807
205 3049 490 3120 percussoquelatere
503 3049 577 3105 Petri
588 3049 721 3105 excitavit
731 3065 796 3104 euin
812 3050 919 3114 dicens,

13 3160 14 3173 .
101 3132 182 3188 sorge
201 3119 344 3175 velociter.
371 3120 451 3185 Quia.
480 3122 558 3191 Hesp.
581 3123 669 3176 Tuas
690 3126 787 3190 pastor
812 3121 919 3186 avium,

13 3186 15 3259 l
100 3189 227 3261 princeps
240 3191 435 3273 apostolorum
450 3208 456 3246 2
469 3191 528 3246 Tibi
543 3192 663 3247 tradidit
676 3192 750 3247 Deus
763 3191 861 3247 omnia
876 3210 921 3248 re-

99 3331 244 3388 coelorum.
265 3333 340 3389 Vera.
357 3335 564 3405 Quodcunque,
580 3342 610 3391 at
624 3351 720 3404 snpra.
738 3336 771 3390 Et
785 3335 862 3392 ideo.

373 3423 408 3478 ln
421 3424 502 3479 tertio
514 3431 653 3478 nocturno.

130 3511 253 3581 Anti'pti.
274 3512 482 3567 Exultabuutur
495 3530 604 3568 cornua
614 3512 695 3584 Jusli‚
712 3512 835 3568 alleluia.
846 3513 919 3569 Psal.

97 3580 312 3638 Contitebiiuur.
325 3585 392 3638 Ant.
410 3585 467 3639 Lux
481 3594 540 3638 orta
550 3588 593 3639 est
602 3584 692 3666 justo,
706 3584 921 3647 alleluia,reetis

97 3653 184 3708 corde
197 3654 309 3719 laetitia,
325 3654 401 3710 allel.
417 3655 520 3710 Protin.
534 3656 672 3710 Dominus
686 3656 921 3725 regnavitexsul·

98 3726 147 3803 tet.
165 3726 232 3780 Ant.
250 3725 454 3781 Custodiebant
467 3725 632 3781 testimonia
651 3727 721 3797 ejus,
736 3730 765 3781 ct
780 3732 920 3797 praecepta

96 3808 171 3918 νέον,
182 3796 307 3851 alleluia.
322 3799 396 3853 Psat.
414 3796 553 3853 Dominus
579 3798 719 3869 regnavit,
745 3797 916 3855 irascantur.

123 3883 180 3923 ers.
200 3869 405 3925 custodiebant
419 3869 585 3925 testimonia
600 3869 674 3941 ejas.

132 3936 309 4010 Responsoria
325 3940 498 4011 audeanpra.
703 4000 706 4005 ,

123 4008 216 4088 flam.
234 4012 324 4076 Quem
340 4012 438 4065 dicunt
452 4010 584 4067 homiues
596 4010 771 4066 esseFilium
781 4009 921 4067 hominist

97 4076 176 4134 Dixit
203 4081 283 4137 lesus
315 4082 460 4152 discipulis
486 4083 557 4140 suis.
598 4085 782 4152 Respondeas
810 4082 919 4148 Petrus,

97 4146 239 4208 dixitztu
256 4170 286 4209 es
302 4153 429 4208 Christus
453 4153 539 4209 Filius
564 4152 612 4208 Dei
643 4153 710 4210 viii.
746 4155 778 4208 ut
790 4169 842 4225 cgo
858 4153 921 4210 dico

97 4218 160 4283 libi,
175 4224 239 4293 quia
254 4230 283 4279 tu
300 4241 330 4279 es
344 4226 441 4280 Petrus
455 4242 462 4291 ;
475 4231 597 4295 etsuper
612 4224 687 4279 hanc
707 4230 817 4295 petram
831 4224 920 4279 nadili-

96 4292 329 4351 caboltcclesiam
338 4312 448 4352 ineam.
468 4296 544 4351 Vara.
560 4296 664 4350 Beatus
673 4295 820 4357 es,Siinon
829 4296 920 4359 Petra,

95 4364 480 4437 quincaroetsanguisnon
510 4366 646 4423 revelavit
675 4366 736 4430 tibi,
760 4367 810 4421 sed
838 4367 921 4423 Pater

16 500 18 513 ξ
115 450 191 501 erunt
202 445 329 500 nominis
343 445 395 510 liii,
412 445 543 503 Domine.
559 446 659 502 Psalm.
676 446 830 501 Eructavit.
847 446 925 504 Vari.
985 444 1022 501 Ut
1040 447 1159 500 reseret.
1176 446 1255 514 iteap.
1273 444 1370 499 Petrus
1384 447 1411 499 et
1433 431 1557 498 loannes
1570 440 1764 495 ascendebant
1778 440 1808 496 in

983 516 1134 586 templum,
1150 515 1186 570 ad
1197 516 1298 569 horam
1313 513 1584 569 Orationisnonnm.
1597 511 1631 565 Et
1641 511 1809 582 quidamvir

983 586 1030 657 qui
1046 591 1109 642 erat
1119 586 1237 641 claudus
1249 601 1283 642 ex
1296 590 1378 642 utero
1401 585 1501 640 matris
1530 600 1598 648 suia,
1620 598 1706 652 quem
1722 598 1807 652 pona·

982 656 1187 728 hautquotidie
1199 658 1236 713 ad
1252 661 1364 728 portam
1378 661 1434 712 teni
1457 656 1487 713 li.
1508 656 1586 710 νννν.
1605 656 1763 724 Argentum
1780 657 1809 708 et
1904 676 1910 683 ·

982 745 1085 784 aarum
1100 745 1157 784 non
1172 733 1215 784 est
1230 744 1353 798 mecum,
1368 744 1425 800 quo
1460 730 1557 782 autem
1573 724 1665 780 haheo
1687 723 1740 780 hoc
1755 723 1807 779 tibi

983 801 1071 858 dabo.
1091 804 1180 865 Quem
1196 800 1351 871 ponebant.

1123 898 1326 970 Antiphonem
1342 895 1484 952 matutinis
1499 893 1646 951 Laudibus.

1016 996 1134 1068 Antipti.
1154 999 1252 1051 Petrus
1267 1000 1295 1052 et
1321 996 1445 1050 loannes
1469 993 1664 1049 ascendebant
1682 990 1710 1046 in
1736 995 1808 1047 tem·

981 1065 1072 1137 plum,
1088 1069 1124 1122 ad
1137 1067 1238 1122 lioram
1247 1064 1393 1121 Orationis
1404 1081 1521 1120 nonam.
1530 1066 1598 1120 Ant.
1609 1067 1768 1134 Argentum
1778 1067 1808 1120 et

981 1153 1083 1193 aurum
1099 1156 1153 1193 non
1169 1142 1332 1194 estmeeum
1345 1154 1352 1202 ;
1367 1138 1443 1207 quod
1459 1140 1556 1192 autem
1572 1135 1674 1202 habeo,
1691 1135 1743 1189 hoc
1755 1133 1807 1189 tibi

982 1210 1068 1265 dabo.
1084 1211 1150 1265 Ant.
1165 1209 1240 1264 Dixit
1254 1207 1373 1280 angelus
1389 1208 1424 1263 ad
1440 1208 1554 1263 Petrum
1570 1223 1576 1261 ε
1593 1206 1745 1261 Circumda
1755 1204 1805 1261 tibi

981 1280 1160 1336 vestimentis
1175 1280 1230 1337 tuis
1241 1286 1269 1335 et
1283 1295 1399 1351 sequere
1416 1295 1471 1334 me.
1484 1279 1552 1333 Ant.
1576 1276 1653 1332 Misit
1668 1274 1806 1331 Dominus

980 1351 1113 1422 angelum
1130 1369 1223 1419 saum,
1238 1356 1267 1407 et
1278 1350 1411 1406 liberavit
1433 1365 1480 1405 me
1494 1351 1529 1405 de
1557 1364 1646 1404 manu
1675 1348 1805 1411 Herodis,

980 1421 1104 1479 alleluia.
1119 1424 1190 1480 Ant.
1207 1422 1250 1478 Tu
1264 1438 1294 1478 es
1308 1425 1415 1488 Petrus,
1431 1426 1460 1476 et
1486 1435 1572 1491 super
1599 1419 1675 1473 lianc
1692 1421 1806 1490 petram

979 1493 1125 1549 aedificabo
1149 1493 1303 1550 Ecclesiam
1328 1508 1439 1549 meam.
1465 1491 1543 1549 νννν,
1568 1489 1729 1547 Constitucs
1757 1504 1806 1546 eos

979 1564 1133 1637 principes.

1279 1636 1314 1690 In
1334 1632 1499 1706 annpelio.

1013 1724 1132 1796 Antiph.
1147 1724 1341 1794 Quodcunque
1355 1721 1488 1796 ligaveris
1503 1736 1589 1794 super
1609 1723 1726 1787 terram,
1752 1720 1807 1776 erit

1000 1801 1098 1867 gotum
1113 1798 1141 1851 et
1156 1795 1184 1849 in
1195 1795 1271 1850 coelis
1288 1801 1338 1860 ;et
1358 1794 1547 1917 quodcunque
1573 1790 1691 1874 solveris
1720 1807 1806 1873 super

978 1866 1166 1935 terrnm‚erit
1191 1866 1316 1920 solutum
1344 1870 1373 1921 et
1404 1864 1433 1919 in
1458 1881 1499 1920 cm
1512 1865 1545 1928 is,
1571 1864 1638 1917 dicit
1666 1862 1805 1918 Dominus

979 1936 1088 1993 Simoni
1104 1938 1277 1992 PetraAnt.
1295 1938 1395 1993 Beatus
1408 1952 1448 1999 es,
1479 1935 1578 1989 Simon
1607 1936 1700 1989 Petre.
1728 1935 1800 1991 Ant.

979 2007 1155 2079 Significavit
1172 2008 1308 2063 Dominus
1324 2008 1406 2063 Petro
1419 2023 1476 2078 qua
1492 2010 1581 2060 morte
1595 2003 1803 2059 clarificaturus

978 2084 1053 2135 esset
1063 2078 1298 2145 Deum‚alleluia.
1322 2079 1389 2133 Ant.
1407 2081 1464 2150 Ego
1479 2093 1530 2202 pro
1543 2081 1570 2131 te
1582 2075 1690 2146 rogavi,
1706 2074 1802 2141 Petra,

978 2156 1009 2205 ut
1022 2167 1078 2205 non
1095 2150 1210 2206 deficiet
1224 2150 1295 2205 tides
1305 2153 1365 2204 tua.
1379 2152 1411 2204 Et
1424 2153 1453 2203 tu
1467 2147 1620 2219 siquando
1637 2162 1802 2212 conversas,

977 2216 1802 2292 coufirmasratrestuos.Ant.Sidiligisme,SimonPetre‚

977 2309 1060 2364 pasce
1073 2309 1140 2347 oves
1155 2308 1243 2347 meas.
1257 2293 1297 2347 'lu
1314 2291 1378 2351 scis,
1393 2290 1483 2363 808
1508 2288 1638 2354 Domine,
1654 2287 1721 2359 quia
1735 2304 1802 2342 amo

978 2368 1015 2421 te.
1031 2366 1098 2421 Ant.
1115 2363 1155 2419 Tu
1170 2380 1199 2419 es
1213 2368 1310 2434 pastor
1323 2363 1430 2427 ovium,
1451 2361 1581 2434 princeps
1596 2359 1802 2431 apostolorum;

977 2435 1028 2490 tibi
1043 2435 1156 2490 tradita
1168 2439 1235 2490 sant
1249 2434 1343 2490 claves
1364 2432 1444 2505 regni
1466 2432 1615 2488 ciclorum.
1638 2432 1706 2484 Ant.
1720 2431 1760 2485 ‘lu
1773 2446 1803 2486 es

976 2504 1202 2562 Christusl'ilius
1217 2505 1265 2560 Dei
1277 2505 1333 2560 vivi
1350 2520 1357 2571 ;
1373 2509 1402 2559 et
1416 2509 1446 2559 tu
1469 2504 1579 2567 beatus,
1608 2501 1707 2557 Simon
1738 2500 1803 2555 Dar·

973 2577 1058 2649 jona.
1074 2579 1142 2632 Ant.
1159 2576 1258 2632 Simon
1272 2575 1402 2640 loannis,
1431 2574 1525 2646 diligis
1538 2590 1585 2629 me
1611 2573 1674 2643 plus
1689 2570 1734 2626 his
1747 2572 1762 2626 ‘t
1773 2577 1803 2627 tu

977 2646 1042 2709 scis,
1056 2647 1187 2712 Domine,
1204 2647 1271 2719 quia
1283 2664 1350 2702 amo
1365 2651 1403 2703 te.
1414 2648 1484 2701 Ant.
1507 2644 1582 2701 Dixit
1599 2642 1738 2698 Dominus
1753 2643 1804 2698 Pe·

977 2723 1021 2774 tro
1036 2738 1042 2777 :
1059 2719 1120 2773 Tibi
1133 2721 1207 2774 dabo
1220 2718 1314 2774 claves
1326 2717 1407 2790 regni
1432 2716 1578 2772 caelorum.
1608 2716 1676 2769 Ant.
1702 2716 1803 2797 Beatus

976 2789 1247 2861 Petrusapostolus,
1274 2796 1305 2845 nt
1329 2805 1422 2860 supra.
1447 2789 1515 2870 Ant.
1547 2786 1727 2868 Commendo
1752 2787 1805 2840 tihi

976 2856 1804 3001 stttttttttdtttttttttttttttittttttt

977 3003 1103 3059 coelestia
1119 2972 1206 3075 regni
1220 2972 1323 3059 bestii.
1349 3003 1416 3057 Ant.
1433 2972 1524 3072 Super
1547 3015 1636 3070 aquas
1651 2996 1804 3053 ambulans

936 3081 962 3147 c
977 3075 1117 3130 Dominus
1127 3079 1207 3130 Petro
1222 3090 1341 3130 manum
1340 3073 1474 3198 &arrexit
1484 3069 1626 3141 mergenti
1634 3068 1663 3123 in
1676 3067 1801 3140 pelagus.

976 3148 1045 3204 Ant.
1059 3150 1129 3202 Cum
1145 3146 1316 3216 respexisset
1362 3149 1438 3200 etrus
1453 3159 1577 3206 crucem,
1604 3139 1739 3211 lacrymis
1753 3139 1804 3210 [la-

13 3262 14 3265 ’
99 3275 157 3328 gun
173 3263 344 3327 mund13et
358 3262 422 3318 ideo
435 3263 486 3317 tihi
511 3263 624 3319 traditae
639 3268 707 3318 sunt
734 3264 826 3318 claves
840 3263 921 3337 regni
976 3211 1803 3291 crymafflundebatpfoeg⁸⁰di⁰·[⁶³³m⁰d⁶⁸²‘m·]³¹⁰⁰
1887 3254 1890 3261 ⁴

976 3288 1149 3359 sumdignus
1177 3289 1244 3343 Ant.
1259 3288 1357 3343 Petrus
1370 3283 1803 3342 ctPaulusmilitantesliomam

976 3364 1124 3415 venerunt.
1140 3359 1358 3414 Circumdantas
1371 3357 1515 3412 Simonem
1528 3356 1699 3411 invenerunt
1712 3371 1721 3394 ·
1737 3369 1802 3408 cum

976 3434 1086 3486 Nerone
1095 3430 1180 3486 sidem
1194 3432 1414 3500 permanserunt
1424 3427 1613 3482 Salvatorevn.
1623 3428 1690 3480 Ant.
1699 3424 1804 3479 Beatus

977 3501 1151 3557 Petrusdum
1161 3502 1300 3571 penderet
1315 3503 1342 3553 iii
1354 3516 1447 3563 cruce,
1462 3498 1549 3553 alacri
1558 3497 1635 3552 vultu
1647 3495 1803 3550 Dominum

976 3574 1143 3643 deprecatur
1159 3587 1165 3626 ε
1184 3571 1304 3626 Domine
1326 3571 1391 3625 lesu
1406 3569 1526 3634 Christe,
1556 3567 1729 3623 commendo
1752 3565 1803 3621 tibi

975 3660 1042 3700 oves
1057 3659 1128 3715 quas
1141 3641 1284 3698 tradidisti
1301 3638 1384 3696 milii.

1232 3728 1375 3785 Indicant
1396 3730 1534 3800 Vesperas.

1010 3818 1126 3889 Antiph.
1142 3819 1253 3874 iuravit
1268 3816 1406 3873 Dominus
1421 3822 1449 3872 et
1464 3831 1522 3871 non
1550 3811 1698 3885 paenitebit
1713 3827 1800 3892 eum:

974 3890 1056 3946 Tuas
1070 3891 1203 3946 sacerdos
1218 3890 1247 3945 in
1276 3894 1426 3944 eternum.
1454 3887 1528 3942 Psal.
1558 3884 1632 3941 Dixit
1646 3885 1797 3938 Dominus.

974 3963 1042 4017 Ant.
1059 3961 1185 4017 Collocet
1199 3976 1265 4016 eum
1282 3959 1419 4015 Dominus
1438 3974 1503 4014 cum
1520 3954 1692 4038 principibus
1707 3952 1804 4035 populi

976 4032 1032 4088 sui.
1050 4033 1126 4087 Paul.
1141 4033 1275 4095 Laudate,
1302 4030 1393 4101 pueri.
1405 4031 1475 4085 Ant.
1503 4028 1653 4098 Dirupisti‚
1669 4025 1801 4107 Domine,

975 4103 1089 4159 vincula
1111 4119 1184 4167 mea,
1210 4102 1262 4157 tihi
1280 4101 1447 4158 sacrificabo
1469 4099 1593 4155 hostiam
1610 4097 1711 4152 laudis.
1727 4094 1801 4151 Paul.

977 4174 1098 4231 Credidi.
1112 4176 1170 4228 Ant
1197 4174 1301 4229 Euntes
1316 4174 1395 4228 ibant
1419 4178 1446 4228 et
1477 4171 1585 4226 llebant
1600 4167 1746 4223 mittentes
1761 4182 1803 4222 se-

977 4246 1055 4301 mliia
1070 4261 1130 4300 sua.
1143 4245 1216 4299 Psal.
1232 4246 1263 4301 ln
1276 4244 1478 4300 convertendo.
1489 4242 1557 4297 Ant.
1570 4239 1803 4295 Conlortatusest

996 4316 1066 4371 rinei
1088 4323 1150 4371 atus
1165 4333 1274 4383 eorum,
1288 4320 1317 4372 et
1329 4313 1540 4370 honoratisunt
1551 4309 1636 4366 amici
1651 4309 1703 4375 lui,
1717 4310 1801 4364 Deus.

975 4334 1049 4443 ivel.
1065 4334 1196 4452 fiamine,
1210 4385 1335 4458 probasti
1348 4402 1404 4441 me.
1416 4387 1484 4441 Ant.
1513 4381 1636 4439 Gloriosi
1662 4379 1803 4453 principes

97 4447 181 4489 meus
194 4437 239 4517 ‘tul
253 4443 293 4493 ⁰³¹
310 4440 338 4492 ln
355 4438 445 4493 ⁰035&
462 4439 494 4492 El
522 4454 574 4508 08⁰
589 4438 665 4519 ‘¹{00-
696 4438 777 4507 ⁸³⁸1}-
799 4440 854 4509 ΕΚΘ
870 4456 921 4509 ΡΓΟ
938 4450 961 4508 Ι)
977 4464 1071 4526 terra,
1086 4460 1230 4530 quomodo
1243 4459 1273 4513 in
1286 4458 1345 4513 vita
1359 4473 1411 4513 sua
1431 4456 1590 4512 dilexerunt
1612 4468 1653 4521 se,
1675 4453 1715 4508 ita
1729 4455 1758 4507 ct
1772 4451 1801 4506 in

96 4506 125 4557 te
141 4522 246 4578 rogavi,
260 4510 354 4575 Petra,
380 4508 435 4583 [ut]
450 4526 506 4565 non
536 4509 651 4564 deliciet
678 4508 748 4564 lldes
761 4513 810 4564 tna
827 4515 875 4575 ;et
891 4516 921 4565 tii
977 4534 1069 4585 morte
1084 4528 1364 4601 nongungsgpmij,

98 4573 248 4647 aliquando
263 4597 415 4636 conversus
430 4581 571 4635 contirma
597 4579 698 4635 tratres
722 4583 799 4637 tuos.
838 4582 916 4637 Veis.

98 4646 173 4703 Caro
185 4652 337 4725 ctsanguis
351 4668 407 4707 non
424 4651 561 4707 relevavit
575 4650 635 4717 tibi,
663 4651 712 4705 sed
742 4654 825 4706 Pater
840 4669 922 4708 meus

13 4730 14 4733 ’
98 4718 149 4785 qui
161 4725 201 4774 est
212 4723 240 4777 in
255 4723 344 4779 coelis.
359 4723 390 4777 El
414 4723 620 4794 utaliquando.
644 4724 731 4789 Hesp.
749 4722 854 4778 Beatus
867 4727 920 4788 est,

99 4786 197 4846 Simon
214 4794 304 4857 Patre,
319 4793 465 4866 quiaenro
478 4800 506 4850 et
520 4793 636 4862 sanguis
650 4809 706 4848 uon
716 4794 920 4860 revelavittibi,

99 4859 149 4939 ted
166 4862 245 4919 Pater
259 4866 397 4936 meusqui
413 4871 456 4920 est
471 4866 499 4921 in
517 4865 608 4921 coelis.
640 4865 711 4919 Veis.
734 4864 768 4918 Et
790 4882 843 4936 ago
858 4866 921 4921 dico

99 4931 163 4991 ubi.
197 4935 238 4990 uio
250 4940 279 4991 tu
296 4953 324 4991 es
337 4936 448 4997 Petrus,
464 4940 493 4991 et
514 4952 598 5006 super
612 4934 686 4990 hauc
700 4940 810 5005 petram
836 4936 922 4991 indili-

100 4951 336 5082 mhoilcclesiam
354 5024 462 5064 ineam.
480 5009 558 5076 ileon.
581 5007 673 5070 Petra,
696 5023 777 5062 arnas
793 5024 838 5063 me
853 5007 867 5062 i
881 5008 921 5062 Tu

101 5086 165 5139 scis,
179 5076 309 5143 Domine,
320 5080 387 5149 quia
400 5095 467 5133 amo
480 5082 520 5135 te.
537 5078 624 5132 Pasce
637 5093 703 5132 oves
727 5094 817 5133 meas.
834 5082 917 5150 liesp.

13 5162 15 5173 ¹
103 5141 197 5201 Simon
207 5149 338 5216 loannis,
353 5149 447 5221 diligis
459 5149 623 5220 meplushis
634 5147 648 5202 t
659 5148 699 5202 Tu
710 5148 774 5213 scis,
790 5150 921 5216 Domine,

101 5215 166 5340 quia
179 5236 242 5275 nmo
258 5227 298 5277 te.
325 5222 401 5277 νννν.
422 5221 478 5275 litsi
509 5218 677 5291 oportuerit,
705 5224 735 5274 at
749 5236 812 5290 sup.
833 5220 917 5285 Quia.

126 5301 180 5357 esp.
199 5290 292 5356 Solve,
306 5293 425 5363 jubante
442 5292 497 5347 Deo
513 5296 665 5353 terrarum,
688 5291 777 5353 Patre,
793 5295 920 5357 catenas,

102 5371 146 5491 qui
163 5360 228 5417 tacis
249 5368 279 5418 ot
295 5367 413 5434 pateant
438 5362 565 5419 caelestia
591 5377 679 5433 regna
705 5361 806 5419 beatis.
841 5363 917 5419 Vere.

125 5432 300 5505 uodcunque.
312 5435 394 5505 Resp.
413 5434 467 5499 Qui
483 5434 561 5505 regni
571 5432 664 5487 claves
679 5437 707 5487 et
721 5449 820 5487 curam
835 5433 924 5489 tradit

103 5499 178 5556 ovilis
194 5520 200 5567 ;
214 5507 259 5575 qui
276 5505 340 5560 crati
356 5509 492 5576 terrisque
508 5506 586 5558 Petro
613 5503 758 5559 commisit
782 5504 921 5573 habenas,

104 5573 241 5630 utreserct
263 5574 379 5641 clausis,
411 5579 439 5631 et
467 5575 559 5631 solvat
584 5574 677 5630 vincla
702 5574 808 5656 ligatis.
837 5577 916 5633 Vera.

104 5640 301 5718 Quodcunque.
324 5648 404 5703 Vens.
423 5647 487 5719 lpsa
502 5653 561 5714 tua,
583 5646 679 5717 Petne,
709 5646 847 5718 dissipare
864 5648 923 5703 vin·

976 4627 1137 4698 Antiphone
1146 4634 1171 4683 et
1186 4627 1363 4699 Desponsori'a
1377 4626 1408 4680 in
1422 4623 1520 4696 uigilia
1540 4621 1628 4678 saneti
1641 4619 1726 4675 Pauli
1739 4637 1802 4692 opo·

1170 4699 1243 4754 stoli.
1265 4730 1297 4739 -
1315 4698 1349 4752 In
1362 4698 1452 4768 priano
1466 4701 1606 4751 nocturno.

1012 4796 1126 4868 Antiph.
1143 4797 1194 4862 Qui
1216 4800 1350 4878 operatus
1372 4811 1403 4850 es
1439 4794 1523 4849 Petro
1541 4793 1570 4847 in
1595 4789 1801 4863 apostolatum,

977 4873 1195 4939 operatusestet
1206 4867 1276 4922 milii
1290 4867 1468 4938 intergentcs
1480 4881 1487 4931 ;
1497 4868 1526 4920 ct
1535 4865 1731 4934 cognoverunt
1759 4877 1804 4915 ra·

977 4938 1122 5008 tiamqiiie
1135 4939 1255 4994 dataest
1268 4938 1338 4992 mihi
1349 4935 1489 4995 aCbristo
1502 4935 1635 4990 Domino.
1646 4932 1720 4990 Psal.
1733 4878 1803 5011 8⁰³.ss

977 5013 1125 5066 enarrant.
1142 5011 1211 5064 Vera.
1237 5009 1289 5075 Qui
1303 5026 1349 5065 me
1366 5007 1528 5079 segregavit
1550 5022 1584 5062 cx
1604 5009 1685 5061 utero
1702 5008 1803 5059 matris

977 5096 1036 5135 suna
1049 5078 1153 5163 [meret
1168 5084 1197 5136 ct
1212 5079 1323 5136 vocavit
1334 5096 1383 5150 per
1399 5079 1524 5151 gratiam
1545 5094 1636 5133 suam.
1656 5077 1723 5131 Ant.
1739 5074 1803 5131 Scio

976 5150 1020 5207 cui
1036 5151 1152 5211 credidi,
1169 5155 1198 5205 et
1210 5156 1304 5207 certus
1318 5167 1381 5206 suin
1397 5150 1574 5232 quiapotens
1585 5153 1628 5205 cst
1643 5146 1804 5228 depositum

978 5238 1073 5277 meum
1090 5222 1242 5278 servarein
1254 5222 1301 5277 illa
1316 5221 1362 5276 die
1372 5223 1467 5295 Justus
1475 5222 1576 5294 judex.
1589 5220 1668 5276 Psal.
1686 5217 1804 5274 Benedi-

977 5309 1041 5347 enni
1053 5293 1218 5348 Dominum.
1237 5292 1310 5349 Vera.
1330 5294 1371 5348 De
1396 5292 1506 5364 reliquo
1520 5291 1645 5363 reposita
1661 5294 1704 5345 cst
1732 5286 1803 5342 mihi

978 5380 1083 5419 corona
1093 5364 1223 5437 justitiis.
1242 5366 1310 5420 Ant.
1336 5364 1404 5420 Mihi
1430 5364 1523 5420 vivere
1541 5363 1668 5419 Christus
1697 5362 1748 5422 est,
1764 5361 1804 5439 ,et

978 5436 1186 5500 morilucrum,
1202 5435 1316 5508 gloriari
1345 5453 1391 5492 me
1406 5438 1518 5507 oportet
1537 5434 1566 5490 in
1579 5447 1661 5489 cruce
1689 5429 1803 5483 Domini

978 5506 1112 5563 meilesu
1125 5507 1239 5563 Christi.
1258 5507 1332 5564 Psal.
1348 5506 1503 5562 Eructavit.
1541 5506 1611 5561 νννν.
1639 5502 1693 5556 Per
1717 5513 1803 5567 quem

979 5577 1049 5632 inihi
1064 5570 1187 5635 niundus
1201 5579 1352 5635 crucifixus
1367 5583 1420 5644 est,
1441 5581 1470 5634 et
1481 5592 1533 5648 ego
1548 5573 1670 5631 mundo.
1693 5566 1803 5624 Varsln

979 5665 1095 5707 omnem
1115 5655 1233 5707 terram.

135 5802 144 5827 ⁸
157 5793 221 5854 liae
233 5797 272 5855 ita
285 5803 413 5874 corrupta
425 5802 498 5866 sunt,
514 5802 545 5856 ut
558 5798 606 5855 vix
617 5796 708 5855 sanari
720 5811 807 5871 possa
825 5796 981 5855 rideantur.
