4022 6174
141 3700 150 3711 ·
223 3683 341 3747 soriani.
357 3689 386 3740 et

212 266 271 331 tit
352 262 357 269 ’

602 266 640 329 in
661 267 691 328 s.
715 265 890 330 cnecom
910 261 1052 326 cinnun
1072 258 1401 333 semianimum
1421 259 1540 325 nore.
1578 296 1579 301 ε

1858 256 1914 319 iio

212 399 341 473 sequitur
355 414 362 454 :
376 398 459 454 Missi
473 413 527 455 rao
539 412 613 455 vivis
629 415 683 455 vec
700 413 844 455 usruucris
865 411 958 452 sineri
978 398 1033 453 tu·
1052 400 1076 460 Α
1096 395 1185 468 Epist.
1200 395 1384 455 universim·
1398 390 1673 452 marisiensem·
1703 387 1808 446 nouerit
1831 387 1917 459 irni-
2007 374 2008 377 ¹

212 487 316 529 cussini
334 470 392 543 (ubi
409 473 437 524 τὸ
453 474 498 527 cet
512 471 636 526 sumitur
654 469 837 543 copulative).
864 468 1037 539 Omnipotens

210 545 376 614 sempiterne
388 543 526 615 Daunoni
536 543 659 598 uicorum
670 542 825 598 diminuris
834 540 952 596 simulet
966 556 1036 594 mor-

216 620 336 683 tuorum,
350 615 521 686 omniumque
529 615 679 679 misereris,
690 629 753 684 quos
772 620 830 668 tnui
846 611 933 684 fideet
960 626 1039 683 operi

217 690 327 759 lntiiros
340 701 395 741 esse
408 687 561 756 prcncscii,
576 692 602 741 tc
615 686 869 758 snppiioi'terenoro,
878 687 964 753 iitpro
979 682 1040 754 ciii-

219 758 268 814 biis
280 758 417 829 effundere
427 773 518 829 preces
537 758 651 822 decrevi,
674 761 740 814 etc..
757 761 787 811 ut
800 754 829 811 in
857 752 962 810 Missali
988 754 1041 809 Ro·

218 846 317 894 mano,
346 828 375 884 in
397 830 635 901 Ouedragesima.
662 830 780 884 Secessi
799 848 806 883 ε
827 826 897 882 Deus
917 825 965 880 cui
990 823 1041 880 inii

219 904 349 972 eopiiitus
362 908 401 956 est
414 916 546 957 numerus
562 901 707 957 electorum
722 901 749 954 in
762 914 881 969 superno
902 895 1041 968 felicitate

220 973 361 1035 incendiis,
377 971 473 1036 tribus,
489 987 586 1043 punio,
604 980 635 1027 ut
650 972 845 1027 uniuersorum.
876 985 922 1024 nos
936 970 967 1023 in
979 983 1042 1023 orc-

220 1046 291 1099 tione
306 1044 499 1099 commendatos
516 1044 629 1114 suscepi,
648 1043 689 1098 cel
710 1041 829 1097 omnium
855 987 978 1112 idatium
996 1054 1042 1094 no·

219 1116 298 1170 minc
312 1114 396 1171 benlae
408 1114 740 1186 medeiiimncm'ititir
766 1113 886 1182 nicri'ptn
913 1110 1041 1167 retinent.

220 1186 293 1242 Posr
315 1202 507 1241 connunionen
529 1187 700 1256 :Purifirent
719 1201 776 1248 rios,
803 1199 962 1254 quesumus,
988 1192 1042 1236 oni·

219 1260 344 1329 nipotens
358 1265 383 1314 ct
399 1258 555 1313 misericors
568 1258 652 1322 Dens,
671 1262 841 1312 incrementa
854 1269 915 1326 qnae
927 1253 1042 1324 suiipsi-

219 1344 291 1387 mus.
303 1335 369 1397 etc,
385 1328 451 1384 utin
468 1328 572 1384 blissali
588 1330 718 1384 Romano
732 1326 850 1382 ibidem.

252 1400 636 1483 detrimentosum.
655 1397 812 1455 Nominum
839 1394 968 1452 lidelium
996 1394 1041 1450 de·

219 1471 384 1527 iunctorum
397 1471 537 1527 videlicet.

253 1542 316 1600 nan.
328 1544 481 1608 Sioetertii,
492 1543 612 1611 septimi,
622 1547 675 1599 etc.
683 1542 805 1597 Consule
827 1537 1041 1594 observationes

215 1620 329 1670 nostras
344 1615 381 1670 ad
395 1614 584 1671 Concordiam
599 1613 771 1686 regularum.
788 1627 851 1681 cap.
867 1611 894 1673 i,
911 1611 925 1680 5
940 1609 984 1664 ll.

252 1684 338 1758 487
357 1686 418 1741 683.
435 1686 614 1758 lucipitcrdo,
628 1690 682 1741 etc.
692 1685 755 1738 Jaiu
770 1680 914 1754 dispositis
925 1697 987 1752 quie
1003 1680 1041 1735 ad

1094 469 1310 550 tetimonium
1330 469 1373 525 die
1387 467 1496 525 Scbbcti
1519 480 1638 547 eripere,
1654 462 1722 544 quod
1748 458 1859 541 lucescit
1886 462 1917 515 in
2007 490 2008 493 =

1093 531 1918 693 stultitiistittltlttttttttt'ttt

1094 683 1163 739 nicio
1174 683 1247 738 diem
1263 684 1363 741 bonore
1372 683 1484 754 dunum
1491 681 1658 752 judicavere,
1671 685 1700 733 nt
1712 673 1918 747 secerdotespni

1093 760 1251 820 sumuntur,
1266 756 1313 810 boc
1326 755 1369 811 die
1380 755 1550 825 potissimum
1563 745 1808 829 tribuuntumUbi
1828 746 1919 817 primo

1095 832 1174 893 unta,
1190 842 1255 882 cuin
1270 826 1382 891 dieitur,
1399 826 1442 881 cet
1456 828 1512 896 ipio
1524 820 1725 883 Dominicodie,
1741 822 1782 874 ita
1808 817 1921 888 capien-

1096 898 1227 968 dumeat,
1246 902 1274 954 ul
1296 899 1347 954 liat
1375 895 1518 953 ordinatio
1546 891 1696 950 Dcminico
1720 889 1776 953 die,
1796 887 1820 943 si
1849 887 1922 945 Sub·

1096 970 1154 1024 bati
1169 969 1253 1027 tuerit
1264 969 1407 1043 injunium
1428 966 1638 1031 continuatum,
1664 966 1695 1018 ut
1706 960 1818 1041 scripsit
1830 959 1917 1032 epist.
2007 1018 2008 1025 χ

1094 1041 1143 1098 8l.
1163 1042 1238 1109 Quod
1250 1042 1366 1112 ejusdam
1380 1039 1556 1095 observantiis
1570 1037 1636 1098 erit.
1647 1034 1670 1090 si
1685 1050 1761 1089 mnne
1784 1047 1841 1103 ipio
1866 1032 1923 1088 Do·

1096 1114 1197 1169 minino
1209 1113 1253 1168 die
1267 1114 1425 1168 continuato
1438 1108 1664 1181 Subbctijejiini'o
1677 1104 1838 1162 celebretur.
1892 1172 1899 1186 .

1133 1182 1224 1256 488
1239 1185 1320 1250 Quod
1344 1183 1432 1240 ctiam
1461 1180 1647 1238 inaniiestnm
1673 1183 1718 1233 est
1735 1192 1770 1231 es
1796 1174 1923 1232 concilio

1096 1254 1321 1311 claromontano
1334 1258 1386 1311 sub
1402 1254 1518 1311 Urbano
1534 1254 1566 1321 lt,
1581 1252 1659 1324 pout.
1677 1264 1766 1311 max..
1779 1248 1856 1318 apud
1870 1247 1925 1303 Or-

1097 1325 1223 1384 dericum
1233 1328 1366 1390 Vitalem‚
1391 1326 1443 1381 lib.
1461 1342 1490 1381 ix
1514 1324 1586 1380 llist.
1601 1319 1670 1378 eccl.
1688 1319 1824 1379 :Ordines
1848 1320 1925 1376 omni

1096 1400 1216 1470 tempore
1226 1400 1255 1455 in
1268 1413 1379 1469 nespern
1394 1397 1517 1461 Subtriti,
1533 1401 1582 1452 cut
1597 1399 1789 1466 perseverante
1805 1389 1924 1470 jejunio,

1096 1471 1236 1526 Dominicn
1245 1469 1424 1526 celebrentur.
1441 1471 1471 1524 lit
1484 1484 1519 1526 ex
1539 1466 1655 1523 concilio
1687 1465 1925 1535 Dotbomagensi,
2007 1484 2008 1529 j

1095 1543 1148 1597 sab
1161 1547 1252 1599 metro
1274 1541 1343 1597 olita
1361 1542 1480 1605 Ioanne,
1491 1555 1569 1596 anno
1585 1535 1702 1597 Domini
1717 1535 1798 1597 toli,
1811 1550 1846 1590 ex
1858 1533 1928 1588 doo-

1095 1613 1173 1669 triue
1186 1559 1412 1687 ejusiiemsnncti
1425 1611 1525 1668 Leonis
1534 1628 1625 1684 papae.
1637 1605 1717 1666 causi
1743 1627 1751 1666 ι
1772 1602 1829 1663 ttoc
1841 1608 1927 1661 etium

1094 1692 1225 1741 statutum
1239 1693 1286 1751 est,
1299 1686 1372 1740 nein
1383 1684 1480 1739 dandis
1496 1686 1582 1739 sceris
1595 1678 1747 1740 Ordinibus
1764 1675 1928 1745 cmiicti'eir

216 1756 315 1812 Missas
324 1762 353 1813 et
364 1758 401 1812 ad
412 1756 468 1838 alia¹
479 1758 611 1840 quaedam
627 1759 766 1829 spectant,
796 1752 890 1825 agitur
905 1752 941 1809 dc
967 1750 1040 1807 ordi·
1056 1765 1078 1825 Β
1096 1758 1270 1813 auctoritatis
1284 1756 1616 1812 oiointoresinoemnniur.
1635 1747 1929 1825 Lenitureniminde·

217 1827 301 1883 uibus
314 1828 522 1884 ecclesiasticis.

252 1900 318 1955 nst.
335 1900 380 1954 Ad
392 1916 480 1954 accron
503 1900 611 1955 ordines
626 1896 828 1954 benedicendos.
842 1896 885 1950 lla
907 1894 936 1949 in
953 1895 1041 1949 Ercu-

218 1970 311 2025 siaiu
327 1970 429 2026 Codice
445 1971 598 2027 Rbemensi
615 1969 728 2041 legitur,
742 1968 797 2022 Pro
811 1965 1043 2022 incriiordmibns

219 2040 411 2098 benedicendis.
425 2043 474 2099 Ubi
490 2052 558 2099 nota
578 2059 679 2097 omues
703 2039 818 2096 ordines
833 2042 892 2093 tem
916 2038 1042 2093 ma'ores

219 2130 306 2184 quum
318 2114 454 2179 minores,
464 2114 602 2186 appellari
618 2129 723 2176 saeros,
736 2110 804 2193 quia
815 2109 934 2180 perillus
948 2126 962 2163 c
975 2107 1042 2165 erici

220 2186 409 2241 adaummam
425 2186 504 2241 illam
521 2181 827 2255 latriaiii‚quiediiinae
843 2181 1043 2251 lch'estutiper

220 2255 311 2311 blissae
325 2256 497 2312 sacrificium
517 2257 676 2322 exhibetur,
708 2253 876 2308 ordinantur
898 2259 925 2307 ct
946 2267 1043 2307 couse-

221 2334 348 2398 crantur,
363 2328 411 2381 alii
423 2333 454 2382 ut
466 2329 582 2383 Missam
598 2328 690 2398 ipsam
704 2324 821 2387 iaciant,
835 2321 884 2378 alii
899 2327 930 2377 ut
946 2322 1041 2377 minis·

142 2446 146 2453 ,
219 2400 307 2463 trent,
325 2402 374 2453 nul
386 2396 764 2470 quoquomodoiueerriant.
781 2394 1042 2450 Diuturnustameu

221 2485 289 2524 usus
303 2468 438 2535 obtinuit,
468 2470 558 2526 utalii
573 2470 647 2525 sacri
672 2466 797 2527 ordines.
820 2465 868 2521 alii
888 2482 946 2521 non
970 2463 1042 2521 sacri

221 2540 418 2611 appellentur;
435 2541 483 2597 ulii
499 2543 634 2613 majores,
645 2539 693 2595 alii
704 2538 838 2594 minores.

254 2612 317 2666 685.
332 2612 451 2681 Maiores
459 2614 560 2686 pindus
574 2620 636 2668 unte
651 2611 838 2682 Dnniipetium,
863 2612 917 2664 ete.
943 2608 984 2663 ita
1013 2607 1042 2662 in

220 2681 345 2738 Exeusis.
363 2684 452 2740 Hodie
467 2685 627 2741 contrarius
653 2693 696 2740 cst
722 2698 800 2748 usus,
825 2679 893 2751 quia
917 2680 1043 2735 minores

220 2754 306 2834 priori
314 2757 377 2811 loco
385 2757 501 2823 dautur,
509 2755 780 2828 sccundoinejores;
794 2751 1043 2823 quemadmodum

220 2829 306 2880 etiam
321 2826 348 2880 in
366 2828 466 2883 Codice
490 2829 602 2884 liutoldi
624 2825 747 2892 abbatis,
772 2823 854 2895 cnjus
868 2821 970 2879 seriem
999 2821 1044 2877 bic

220 2910 376 2967 apponam.
388 2902 415 2953 ln
423 2900 545 2955 sauneio
553 2899 702 2954 duodecim
712 2895 865 2951 lectionum
870 2893 1044 3018 primimeu·

221 2967 269 3033 sis,
296 2968 323 3022 id
347 2975 390 3025 est
413 2970 516 3035 Martii,
542 2971 617 3025 dicta
638 2968 774 3024 Oratione
794 2968 924 3036 l’opnum
951 2972 1042 3028 tuum,

221 3043 512 3111 qnesniniis,Domine
527 3042 662 3110 propitius
672 3039 783 3109 respice,
793 3042 857 3097 etc..
873 3035 1043 3091 ordinantur

222 3109 340 3165 ostiarii.
369 3112 484 3175 Deinde.
512 3113 639 3195 perlecta
676 3107 888 3165 Deuteronomii
912 3107 1041 3167 lectione.

219 3186 340 3237 cantato
355 3185 554 3253 Responsum,
571 3182 685 3239 etdicla
697 3179 923 3242 OrationeDens‚
937 3182 985 3250 qui
996 3195 1043 3233 nos
1068 3174 1079 3199 ¹

221 3255 252 3308 iii
263 3258 346 3308 teritis
362 3255 491 3325 periculis
504 3257 673 3317 constitutos,
689 3257 754 3316 etc..
770 3251 802 3306 sit
822 3250 959 3306 lectorum
969 3249 1042 3305 ordi·

222 3323 311 3380 natio.
328 3327 534 3395 Tumdemum‚
551 3324 804 3398 perlectalecticue
821 3332 824 3371 t
842 3320 1043 3390 euteroncmii‚

221 3400 338 3452 cantato
354 3397 552 3469 Responsorio.
574 3404 603 3455 ct
624 3397 699 3452 dicta
721 3393 876 3450 Ooratinne
903 3396 1045 3448 Protector

221 3475 313 3523 noster
327 3469 424 3541 cipite,
442 3470 521 3535 Dens,
533 3474 598 3535 etc„
611 3468 782 3525 ordinantur
796 3463 952 3521 exoreisloe.
978 3465 1046 3519 l’ost

193 3592 197 3595 .
212 3537 373 3596 lectionem
386 3541 614 3597 ilacbabaecium
630 3545 659 3596 et
669 3540 773 3594 dictam
786 3535 1044 3597 Orationemordi-

222 3616 329 3666 nentur
338 3612 473 3740 accldrtbi.
485 3613 646 3669 tectionem
659 3611 724 3667 libri
744 3608 906 3680 Sapientia.
921 3610 1046 3678 lteapcn-

416 3683 549 3740 oilectam
574 3686 669 3740 Preces
679 3682 777 3754 popuii
799 3680 852 3745 tui,
879 3695 1043 3751 quesumus,

222 3754 371 3810 clementer
394 3756 501 3821 recudi,
519 3761 563 3811 cte
584 3754 687 3827 exeipit
714 3750 956 3809 subdiaconorum
971 3750 1034 3806 ordi

223 3825 312 3881 natio.
324 3825 457 3882 Lectione
475 3828 545 3883 item
561 3832 591 3884 et
602 3823 789 3897 Responsorio
809 3822 906 3886 linitis,
919 3827 947 3877 et
969 3822 1045 3877 dicta

223 3896 360 3953 Oratione
372 3900 531 3965 Ouaesnmns
541 3894 803 3966 omnipotensDens,
818 3901 879 3948 coin
895 3893 1045 3950 bumeliam

223 3970 334 4039 respice,
350 3970 594 4032 etc.,ordineutui·
605 3966 720 4024 Diaconi
750 3966 817 4021 l'cst
832 3964 1045 4020 ordinationem

223 4038 336 4096 diaconi
357 4041 536 4097 interseritur
559 4041 643 4096 illissa
660 4039 687 4094 in
713 4038 894 4092 ordinatione
921 4036 1044 4098 diaconi,

246 4128 285 4165 un
301 4116 448 4178 tamen‚ut
461 4112 594 4173 arbitror,
609 4118 739 4167 tuncuou
751 4108 907 4164 dicebatur.
917 4107 1044 4163 Tandem

225 4128 379 4239 {ellectum
402 4185 480 4251 Deus,
491 4188 538 4266 qui
553 4182 641 4239 tribui
651 4185 744 4253 pneris
761 4180 899 4251 mitipcsti
919 4180 1046 4248 tlcmmns

224 4253 568 4326 mniumque.sequituro
581 4252 705 4309 ordinati
715 4252 942 4322 presbyterorum
961 4266 968 4317 ;
983 4268 1045 4321 quae

225 4324 360 4394 perfeeta3
376 4325 614 4397 legiturepistola,
632 4324 709 4381 etsie
719 4321 1044 4393 deincepsMissaabsol·

223 4394 309 4449 vilui.
328 4397 389 4450 llice
403 4397 513 4452 lietoldi
530 4397 672 4453 todeslo
688 4392 841 4451 Codicibus
856 4394 1046 4450 itliemensiet

223 4464 348 4521 Rodradi
362 4467 481 4523 minime
491 4470 673 4538 exploratum
689 4469 732 4525 est
745 4464 808 4535 quis
819 4464 890 4519 crdo
900 4467 1043 4548 teneatur,
1061 4503 1081 4562 ὓ

1095 1830 1179 1884 cretis
1194 1829 1290 1884 tremi
1307 1842 1397 1899 pope,
1413 1827 1481 1899 qaod
1493 1844 1546 1882 non
1569 1827 1669 1899 primm
1688 1823 1781 1882 diebus
1799 1819 1928 1876 omnibns

1095 1916 1169 1955 sacri
1183 1900 1290 1955 ordiner
1313 1898 1496 1964 celebrentur,
1521 1904 1587 1961 etc..
1601 1897 1669 1970 qnod
1692 1894 1810 1966 einaim
1830 1893 1927 1948 obser-

1096 1972 1199 2027 onntiae
1213 1976 1267 2027 erit
1276 1972 1301 2025 si
1315 1987 1392 2025 mnne
1405 1971 1461 2035 ipso
1478 1968 1676 2027 Dominicodie
1688 1969 1847 2022 continuato
1857 1962 1927 2018 Seb-

1097 2042 1154 2097 bcti
1163 2043 1269 2126 jejunio
1280 2042 1442 2103 estimetur,
1457 2045 1522 2107 cte,
1539 2048 1568 2097 ul
1586 2038 1833 2113 apudDrdaricum
1844 2034 1926 2090 liilav

1097 2113 1166 2177 lein,
1179 2114 1230 2170 lib.
1244 2131 1269 2168 ii
1279 2113 1347 2169 iliat.
1363 2112 1735 2169 eeclSecundnuotanduni
1750 2108 1827 2180 apud
1840 2122 1927 2161 aenc-

1098 2189 1160 2241 tum
1186 2187 1309 2242 Leonem
1329 2200 1378 2255 per
1400 2184 1477 2240 diem
1495 2181 1711 2240 resurrectionis
1726 2197 1783 2237 non
1808 2177 1927 2249 precise

1097 2256 1174 2312 diem
1189 2256 1304 2312 Paschae
1317 2255 1442 2327 intelligi.
1456 2256 1507 2315 sed
1521 2256 1597 2312 diem
1618 2255 1798 2310 Dominicum
1816 2251 1863 2320 qui
1887 2248 1920 2303 iu

1097 2328 1267 2385 memoriam
1278 2327 1506 2383 ressurrectionis
1521 2327 1625 2383 Christi
1642 2326 1809 2382 celebratur.
1840 2320 1922 2377 Unde

1097 2400 1178 2471 epist.
1192 2400 1225 2459 81
1240 2397 1509 2471 statimsubjungit:
1525 2398 1727 2470 dructempore
1743 2393 1922 2462 precedentis

1096 2479 1180 2528 noctis
1189 2471 1272 2527 initio
1283 2487 1336 2526 non
1348 2469 1483 2534 recedunt,
1498 2486 1577 2542 quem
1590 2470 1625 2525 cd
1638 2469 1711 2524 diem
1729 2462 1923 2523 miserescite

1096 2544 1152 2607 nis,
1169 2550 1236 2598 sicin
1251 2543 1334 2597 etiam
1350 2543 1380 2597 in
1393 2541 1497 2598 Pcsolic
1512 2540 1623 2599 Domini
1641 2539 1812 2601 decicrotur,
1834 2533 1924 2606 pcrti-

1098 2631 1235 2675 nere.non
1256 2613 1368 2669 dubium
1384 2622 1432 2669 est.
1457 2613 1537 2670 Unde
1563 2612 1652 2668 etiam
1670 2610 1747 2666 inira
1762 2609 1792 2665 iu
1819 2607 1923 2663 eadem

1098 2685 1220 2757 epistola
1241 2690 1393 2756 postquam
1422 2684 1511 2743 dixit:
1533 2684 1683 2754 Nunquam
1709 2677 1923 2741 eniminum,

1097 2756 1453 2813 nisiindi‘ereinrrertionis
1474 2748 1921 2813 Dominiemtribucnturaoribil:

1097 2828 1130 2883 ln
1145 2828 1193 2883 line
1208 2828 1321 2900 denique
1332 2828 1512 2899 muninime
1528 2825 1776 2896 Dominoopostotis
1799 2820 1925 2890 Spiritus

1096 2906 1206 2955 sanctus
1216 2900 1340 2961 advenit,
1356 2907 1388 2954 iit
1403 2898 1504 2953 retesti
1529 2898 1629 2953 undem
1644 2895 1738 2966 reputa
1751 2893 1923 2950 iminuntiiin
2007 2912 2008 2915 ¹

1097 2979 1123 3028 et
1136 2970 1273 3026 traditum
1286 2971 1440 3025 noverimus
1451 2971 1483 3025 in
1504 2972 1508 2980 ’
1521 2970 1601 3025 tidie
1614 2966 1772 3025 celebrando
1787 2963 1924 3020 nobisease

1096 3043 1229 3114 mysterio
1241 3042 1452 3097 sacerdotalium
1466 3039 1697 3105 Benedictionum,
1712 3038 1741 3093 in
1752 3054 1802 3109 quo
1820 3036 1923 3092 mitem

1097 3120 1160 3169 sunt
1175 3118 1266 3169 omnin
1277 3114 1346 3169 dcun
1358 3114 1527 3185 prutinriim.
1556 3115 1628 3168 Nam
1644 3111 1680 3167 ibi
1711 3111 1840 3166 recenset
1863 3103 1923 3160 diei

1098 3184 1253 3240 Dominicis
1268 3183 1479 3257 praerogativas.
1494 3184 1571 3255 quod
1586 3181 1714 3238 Christus
1737 3178 1787 3235 illa
1815 3176 1861 3234 die
1878 3191 1924 3231 re·

1098 3255 1262 3322 surrexerit,
1278 3257 1355 3327 quod
1378 3255 1415 3311 sit
1429 3255 1521 3327 prima
1537 3255 1659 3317 dierum,
1677 3253 1704 3308 in
1727 3268 1784 3324 qua
1816 3247 1921 3306 eoelum

1098 3333 1126 3385 et
1138 3334 1216 3384 terre
1230 3334 1326 3383 creata
1344 3330 1420 3392 suut,
1433 3332 1462 3383 et
1473 3327 1550 3398 quod
1564 3327 1667 3382 eadem
1682 3323 1784 3379 illndie
1798 3320 1922 3401 Spiritus

1098 3399 1249 3456 aenctusin
1263 3397 1622 3470 apostolosmissnsfuerit,
1637 3396 1876 3467 rationequarum
1891 3406 1923 3445 iii

1099 3471 1147 3527 illa
1159 3471 1205 3528 die
1218 3470 1333 3527 ordines
1357 3470 1430 3526 sacri
1454 3468 1592 3525 celebrari
1620 3467 1751 3523 debeant.
1776 3467 1810 3521 Et
1825 3464 1853 3519 hi
1868 3461 1924 3518 loci

1099 3544 1203 3599 debent
1214 3541 1334 3613 intelligi
1359 3543 1394 3597 de
1421 3540 1578 3596 Dominicis
1599 3543 1723 3610 quatuor
1747 3540 1921 3606 temporum,

1099 3614 1168 3682 sive,
1183 3614 1297 3669 ordines
1311 3612 1486 3670 celebrentur
1500 3627 1614 3683 vespere
1628 3608 1757 3677 sabbati,
1785 3606 1844 3663 sire
1868 3604 1924 3660 Do-

1101 3686 1204 3742 minica
1224 3702 1320 3749 mene,
1346 3684 1513 3741 continuato
1534 3683 1659 3757 jejunio,
1685 3686 1717 3737 ut
1741 3677 1918 3735 notadmus.

1100 3759 1181 3824 Quod
1195 3758 1284 3813 etiem
1297 3756 1399 3812 statuit
1411 3755 1542 3812 Celusius
1558 3771 1632 3827 papa
1657 3752 1741 3824 epist.
1753 3752 1789 3806 ad
1816 3752 1924 3819 episco-

1100 3846 1151 3901 pos
1164 3829 1312 3883 Lueauiae:
1327 3828 1527 3884 Ordinationes
1538 3834 1628 3881 enirm
1651 3823 1870 3951 prmbgaerorum
1895 3828 1924 3876 et

1099 3900 1286 3965 diaconorum,
1305 3899 1363 3954 nisi
1374 3900 1457 3954 certis
1468 3897 1632 3969 temporibus
1643 3901 1669 3951 et
1684 3895 1729 3951 die
1797 3907 1924 3950 meere

1099 3988 1153 4027 non
1166 3971 1273 4034 debent,
1286 3972 1314 4024 id
1329 3976 1376 4033 est.
1392 3971 1471 4041 qunti
1506 3969 1604 4024 mensis
1625 3968 1742 4039 jejunio.
1765 3964 1875 4036 septimi
1898 3971 1923 4019 et

1100 4042 1263 4098 dormisset
1274 4048 1298 4097 et
1309 4043 1389 4097 etium
1399 4039 1624 4114 qundopeiimcii's
1634 4040 1723 4102 initii,
1748 4043 1774 4092 et
1794 4035 1925 4091 mediana

1100 4113 1318 4185 Quodrcpesimie
1342 4113 1397 4167 die.
1425 4111 1535 4168 Sobbcti
1550 4112 1656 4183 jejunio
1675 4109 1749 4165 circo
1787 4123 1924 4178 vesperem

1098 4186 1222 4241 necerim
1236 4184 1422 4241 delibrandus.
1441 4183 1600 4239 Hodiernus
1612 4186 1793 4242 tamensim,
1810 4195 1866 4250 qno
1877 4194 1922 4233 or·

1100 4256 1180 4312 dines
1196 4263 1255 4312 tam
1267 4257 1484 4328 majoresquam
1498 4254 1636 4319 minores,
1652 4250 1776 4309 aimulin
1790 4248 1924 4306 sabbatis

1100 4327 1251 4384 duodecim
1268 4327 1428 4393 lectionum,
1445 4327 1475 4381 id
1489 4330 1568 4382 estin
1588 4330 1751 4396 temporum
1770 4322 1923 4378 conterun·

1099 4404 1156 4466 tur,
1170 4400 1371 4470 antiqunsest.
1392 4399 1466 4454 Nam
1492 4396 1723 4479 Chrodegangus,
1751 4394 1799 4466 qui
1826 4391 1926 4448 floruit

1100 4470 1275 4542 temporibus
1297 4468 1390 4525 Caroli
1413 4467 1533 4550 Majoris
1553 4466 1644 4594 Pium
1673 4466 1808 4539 [Forteet
1822 4462 1924 4535 Pipini]

244 4537 389 4594 uiainillis
404 4538 621 4595 ordinnmiatio
636 4543 716 4594 extra
729 4535 881 4591 Missurum
903 4535 1045 4593 solemnia
1099 4542 1184 4614 regis,
1200 4542 1347 4666 episcopus
1363 4540 1507 4606 Maiensis,
1518 4539 1560 4595 ita
1588 4554 1670 4594 acere
1684 4537 1804 4598 solebat,
1816 4533 1928 4591 atseri-

223 4555 396 4666 describitur

258 4681 320 4736 686.
334 4650 454 4736 Minbres
467 4680 575 4763 quidem
592 4678 744 4735 Dominicis
764 4675 866 4733 dicitis.
877 4677 919 4733 Ita
945 4678 974 4734 in
994 4681 1044 4737 Ex·

223 4751 296 4807 cusis
312 4753 385 4819 ;Sed
402 4752 460 4808 broc
469 4751 647 4825 jampridem
663 4748 722 4805 anti
745 4752 813 4802 nata
826 4752 901 4803 snut.

259 4824 325 4879 687.
339 4824 457 4895 llicjorrs
467 4842 528 4879 cero
540 4825 570 4880 in
584 4821 706 4878 Snbbctis
720 4766 862 4875 duodicim
882 4819 1041 4884 tactionum.

225 4893 296 4949 Neni
319 4895 498 4951 eineiordio
511 4896 602 4951 noctis
618 4892 745 4953 sabbati,
761 4908 823 4962 quie
833 4890 861 4945 in
874 4892 967 4962 prime
981 4898 1045 4953 Sab-

227 4965 284 5020 beti
298 4912 423 5029 faciscit.
446 4966 529 5023 idest
542 4966 649 5038 incipit,
664 4965 704 5019 ita
717 4962 826 5019 utelim
849 4962 966 5044 ineunte
987 4984 1048 5026 ves·

224 5054 291 5108 pere
308 5037 439 5106 Sabbati,
455 5054 511 5108 quo
520 5039 604 5109 juxta
619 5040 743 5092 veterem
755 5035 886 5090 Ecclesiae
897 5044 1047 5097 eonsuetu-

225 5108 322 5163 dinem
335 5109 396 5165 dies
410 5107 689 5179 Dominicuaincipii,
705 5106 897 5162 sacerdotales
908 5108 1047 5168 etleritici

225 5179 339 5235 ordines
351 5180 563 5237 celebrarentur
577 5178 830 5249 etsusciperentur.
848 5180 890 5233 lta
903 5182 1004 5238 statuit
1013 5200 1047 5240 ex

224 5252 343 5323 antiquo
371 5268 451 5308 more
470 5257 586 5307 sanctus
614 5251 668 5305 Leo
693 5251 802 5331 papal,
831 5248 914 5319 epist.
940 5253 984 5320 8t,
1011 5257 1048 5311 ad

224 5323 393 5379 Dioscorum
404 5322 568 5395 episcopum
587 5321 810 5377 Alexandrinum
827 5336 834 5373 :
851 5320 926 5385 Quod
950 5342 1012 5397 erpo
1030 5343 1049 5384 a

224 5395 464 5452 Potribiiiriostrii
476 5393 645 5466 propensiore
658 5391 1047 5464 euronociinusobserontnm,

224 5483 242 5523 n
254 5467 327 5522 robis
338 5467 573 5538 quoanrolnmns
585 5463 763 5527 enarmonii
771 5479 823 5516 nnn
830 5463 933 5531 passim
958 5468 1051 5524 diibus

223 5536 549 5594 omnibuisnroerdotolii
563 5536 603 5591 nei
618 5535 726 5590 teciticn
736 5533 876 5588 ordinatio
888 5538 1049 5608 celebratum

151 5652 156 5659 .
224 5609 270 5664 sed
282 5618 340 5676 post
354 5609 424 5664 diem
431 5608 550 5667 Subbnti'.
562 5607 619 5677 ejici
630 5607 784 5675 noctisqnie
799 5604 828 5658 iii
836 5605 932 5675 priene
941 5611 1053 5667 sabbati

148 5718 156 5725 -
225 5680 333 5736 lucescit
343 5679 452 5735 ceordic
464 5680 625 5749 elipantus·¹
638 5675 787 5732 borestsnb
802 5674 951 5746 tepidiores·
965 5684 1053 5757 officii

225 5751 431 5817 substinentiam
445 5750 476 5806 in
487 5750 581 5834 quibus
592 5749 634 5803 iiis
643 5748 693 5820 qni
702 5746 883 5802 consecrandi
896 5759 958 5808 sunt
980 5756 1053 5826 jeju.

228 5821 281 5886 nis,
292 5829 317 5877 et
331 5838 348 5878 n
358 5822 558 5895 ieiunantibus,
567 5836 648 5879 icore
659 5818 818 5876 Benedictio
831 5822 999 5891 moleretur.
1021 5828 1055 5883 Et

1100 4614 1141 4669 bit
1157 4618 1258 4668 Pauus
1283 4613 1425 4668 Diaconus
1439 4611 1469 4668 in
1484 4611 1555 4666 libro
1569 4611 1604 4666 de
1630 4608 1770 4692 episcopis
1793 4606 1927 4663 tielensi-

1100 4687 1152 4740 bus
1169 4702 1176 4737 i
1191 4684 1247 4739 Hic
1257 4685 1421 4739 coinecrcoit
1433 4683 1563 4754 episcopos
1576 4681 1790 4764 quamplurimos
1800 4695 1848 4747 per
1880 4678 1928 4733 di-

1099 4772 1190 4812 uersus
1201 4757 1336 4821 cinitntes,
1350 4754 1517 4827 presbyteros
1530 4753 1708 4809 nibilominus
1735 4767 1769 4806 nc
1789 4750 1926 4812 diaconos,

1100 4835 1209 4884 ceteros
1227 4825 1598 4887 aeeccleiiostirosordinei,
1622 4823 1693 4879 sicin
1718 4822 1848 4878 moriseni
1875 4823 1928 4877 fle

1100 4914 1189 5025 mpure
1203 4845 1374 4954 initiatam
1385 4896 1656 4959 dietusSobbntornm
1668 4897 1808 4967 quaternis
1825 4900 1925 4964 tempo-

1100 4989 1127 5026 ri
1149 4987 1178 5024 ni
1189 4987 1265 5024 enni.

1136 5041 1198 5097 688.
1214 5041 1359 5097 Ostinrius.
1376 5039 1565 5096 Ostiariorum
1581 5036 1690 5093 mentio
1703 5038 1797 5093 exstat
1810 5034 1840 5091 in
1852 5033 1930 5105 epis·

1101 5113 1160 5170 tola
1173 5112 1264 5169 saneti
1278 5112 1409 5184 Cypriani
1420 5112 1465 5178 st,
1482 5117 1510 5168 et
1522 5111 1551 5166 iu
1566 5110 1649 5236 epist.
1663 5109 1754 5163 sancti
1769 5105 1874 5179 ignatii
1890 5106 1931 5162 ad

1102 5184 1304 5251 Antiochenos,
1326 5184 1356 5239 in
1382 5183 1464 5254 epist.
1492 5181 1583 5239 Corne
1595 5179 1615 5235 ii
1657 5195 1720 5252 apes
1743 5179 1781 5235 ad
1806 5176 1931 5233 Fabium

1103 5255 1262 5383 {piscopum
1284 5255 1504 5338 Antiochenam,
1524 5253 1601 5376 apud
1629 5197 1792 5316 insanium,
1817 5249 1870 5305 lib.
1902 5247 1931 5332 εἰ

1129 5331 1258 5453 mincip.
1270 5328 1314 5390 35,
1343 5327 1486 5397 inquibus
1511 5345 1546 5377 πυ
1563 5327 1627 5396 opit
1656 5321 1839 5395 appellantur
1864 5336 1874 5385 3
1901 5336 1933 5374 in

1104 5397 1224 5454 concilio
1259 5397 1398 5453 andiccno
1413 5413 1476 5452 cau.
1489 5396 1533 5452 dl.
1548 5394 1794 5477 etapadsanctuiu
1805 5390 1937 5463 Epipha-

1106 5470 1197 5536 nium,
1205 5468 1416 5541 inexpositione
1427 5468 1492 5525 tldei
1502 5466 1660 5528 catholicis,
1671 5463 1802 5535 equibus
1819 5465 1939 5535 θυρωροὶ

1105 5541 1247 5596 ἀίειειηιιεΔ
1267 5543 1305 5596 De
1320 5539 1502 5596 ostiariorum
1516 5536 1698 5593 ordinatione
1710 5534 1805 5607 agitur
1816 5533 1846 5589 in
1867 5550 1941 5589 con·

1107 5611 1172 5668 cilio
1185 5611 1321 5683 Cartbag.
1337 5629 1375 5666 iv.
1391 5610 1470 5666 inira
1482 5608 1610 5665 citando.

1142 5683 1204 5740 589.
1232 5684 1382 5765 Postquam
1409 5683 1443 5738 ni
1465 5681 1668 5738 Arcbidinoono
1693 5678 1845 5733 instructus
1873 5676 1944 5748 *iue-

1107 5755 1156 5820 rii‚
1171 5759 1224 5811 etc.
1240 5756 1283 5810 lta
1301 5770 1330 5809 in
1356 5753 1469 5809 biensis
1490 5757 1519 5809 et
1539 5751 1568 5806 iu
1591 5748 1739 5807 codicibus
1764 5763 1833 5803 mss.
1861 5746 1945 5803 Rbe-

1109 5826 1212 5894 mensi,
1228 5823 1448 5891 etRodredi,ita
1460 5825 1491 5881 ic
1504 5822 1625 5881 concilio
1637 5818 1806 5891 Carthagini.
1817 5835 1857 5885 ii,
1870 5834 1944 5875 can.
2007 5886 2008 5889 Ἴ
