4074 6174
116 232 124 241 ’
230 276 294 349 tu
861 288 994 354 sanun
1014 256 1162 352 camin
1182 260 1303 351 naam
1664 350 1674 359 ,
1866 294 1917 355 nc

230 432 298 477 mea
313 414 977 490 etmisericordiameacumlnso‚etinnomins
990 437 1052 478 meo
1069 414 1094 486 Δ
1109 410 1193 477 dotes
1207 414 1269 494 ejus
1283 414 1407 479 induam
1429 421 1560 489 salutari,
1574 424 1603 478 et
1616 421 1709 478 sancti
1718 418 1784 495 ejus
1800 422 1919 482 exsulta-

229 507 408 566 exaltabitur
422 523 515 565 corun
529 510 602 583 ejus.
619 511 668 566 Ad
689 510 797 570 Gomm.
812 516 915 570 Beatus
932 528 1049 569 servus.
1108 510 1393 567 tioueeasultabunt.
1413 512 1485 569 Vera.
1501 510 1572 567 llluc
1587 509 1750 583 producam
1761 525 1851 567 cornu
1869 512 1918 571 Da·

229 598 317 655 Paal.
329 603 362 652 nt
375 612 477 668 snpra.
1108 599 1167 666 rid,
1184 598 1285 667 parari
1304 600 1457 657 lucernam
1466 601 1580 657 Christo
1593 615 1669 656 meo.
1683 599 1746 658 att.
1760 599 1857 656 iuraui
1869 596 1919 659 lla·

228 686 366 744 taonem
381 687 430 744 die
440 689 732 748 natalissanctcrum
747 691 902 764 Simplicii,
919 689 1056 750 Faustini
1107 685 1166 744 rid.
1184 688 1237 759 off.
1251 686 1351 746 inveni
1367 689 1473 746 David.
1501 687 1545 744 Ad
1561 690 1641 745 tom.
1658 687 1761 745 Fidelis
1774 705 1879 755 servus,
1894 694 1920 748 et

1108 781 1250 849 prudeus,
1265 795 1353 855 quem
1367 779 1516 835 constituit
1529 778 1672 835 Dominus
1684 793 1774 851 super
1783 777 1919 836 familiam

265 864 384 939 Antipli.
399 866 580 940 Sapientiam
597 876 769 928 sanatorum
796 877 913 929 narrent
937 869 1051 945 populi.
1109 881 1203 932 suam,
1221 872 1253 924 ut
1266 867 1316 925 det
1330 866 1544 941 illiintempore
1559 866 1643 924 tritici
1655 880 1833 923 mensuram.
1845 866 1918 924 Pani.

231 956 341 1013 Psaim.
355 956 640 1029 Exsultate,justitiu
651 960 927 1033 Dominoliespona.
943 961 1057 1018 Clama-
1108 958 1248 1025 utsupra.

231 1051 337 1102 verunt
348 1046 430 1116 jusu,
441 1047 778 1106 etDominusexandirit
792 1067 855 1116 eos.
868 1051 946 1106 etde
960 1048 1056 1105 omui·
1109 1062 1215 1120 podem
1228 1064 1275 1121 die
1286 1064 1380 1121 „amp
1393 1071 1558 1125 ,amorum
1574 1062 1750 1120 perispsema
1759 1064 1784 1119 οι
1797 1061 1916 1135 Amat,

231 1131 646 1194 bustribulationibnseorum
660 1136 795 1195 liberarit
807 1155 868 1195 eos.
886 1137 1055 1196 Veratuxta
1144 1161 1266 1234 Angiph‘
1279 1163 1468 1221 §almum
1479 1163 1629 1238 justorum
1640 1161 1922 1232 &Domino'etpmw

539 786 567 836 et
582 781 740 839 Beatricis.

232 1216 276 1278 esi
292 1225 431 1280 Dominus
442 1223 488 1279 his
506 1226 559 1298 nari
579 1218 796 1284 tribulatosunt
810 1228 905 1293 corde,
919 1232 946 1283 et
959 1225 1055 1283 barini*
1109 1256 1172 1308 otor
1185 1267 1288 1309 eorum
1304 1251 1390 1308 estin
1410 1258 1542 1324 tempore
1566 1250 1775 1316 tribulationis,
1794 1249 1840 1307 p&
1862 1248 1922 1307 Noli

230 1302 274 1369 les
289 1313 390 1386 spiritu
411 1313 618 1374 salvabuntur.
634 1316 719 1374 Altel.
736 1318 834 1375 Sancti
848 1316 901 1384 tui,
916 1316 1049 1373 Domine.
1109 1338 1280 1397 „mulssim
1296 1340 1541 1414 malignantibus·
1554 1341 1657 1411 ,ΗΜ
1667 1336 1920 1396 Juspommnimae

200 1438 205 1449 “
225 1400 518 1501 ,οῙῙχΕῙΟΥῙώΠΠωΡ
532 1404 562 1461 ῘΠ
577 1408 604 1462 ²⁸
619 1420 731 1462 ⁰m¹¹⁶⁸·
754 1406 800 1462 Ad
822 1407 901 1464 ΗΘΜ·
917 1409 979 1477 ⁸8⁰
1001 1420 1055 1461 V⁰⁸
1109 1427 1140 1484 iu
1154 1430 1398 1487 mauuDeisunt.
1415 1431 1495 1488 Vera.
1511 1428 1657 1486 visisunt
1675 1426 1771 1486 oeulis
1789 1426 1920 1502 insipien·

230 1488 315 1563 ⁰¹⁰⁹·
1109 1517 1185 1575 tium
1204 1518 1290 1576 mori.
1308 1518 1372 1579 Act.
1391 1519 1513 1577 Caritate
1524 1517 1920 1583 Domiuocantieumnorum‚

298 1668 304 1680 ,
1109 1604 1921 1679 lausejnsiuecclesiasanctornm.Offert.Gloriabuutur

230 1667 470 1739 Antennrnaem
485 1670 514 1727 in
525 1677 685 1744 conspectu
702 1681 760 1739 tuo,
784 1673 919 1738 Domine,
929 1671 1056 1739 nemitos
1110 1697 1140 1755 in
1155 1701 1182 1753 ω
1194 1713 1299 1753 omnes
1309 1697 1357 1771 qui
1368 1697 1495 1771 diligunt
1510 1711 1619 1754 nomen
1634 1703 1731 1764 mum,
1743 1693 1922 1768 quoniamst„

230 1756 837 1833 compeditoruml'salmDeus,venerunt
849 1762 1054 1834 gentesdresp.
1073 1782 1096 1841 Β
1112 1786 1247 1854 Domine,
1264 1786 1417 1844 benedjoeg
1429 1788 1510 1858 justo
1526 1802 1533 1842 :
1549 1786 1683 1854 nomine,
1699 1786 1822 1841 ursonio
1844 1781 1922 1839 boun

232 1846 381 1903 Gloriosus
401 1848 478 1904 Deus
497 1850 527 1905 in
541 1851 652 1907 sanctis
668 1852 739 1907 suis.
756 1852 833 1909 Vera.
856 1855 976 1908 Dextera
996 1857 1055 1915 tua,
1111 1876 1334 1933 volumnum
1345 1876 1494 1932 coronasti
1504 1891 1568 1932 nos,
1582 1873 1923 1943 pergpvefbammu.

231 1936 360 2003 ⁰⁰ffil¹¹02
376 1937 466 1993 Allel-
482 1937 579 1994 Sflssssll
594 1941 643 2009 lul,
654 1940 779 1996 ὓθῐῐῑῑηθ·
798 1942 850 2011 Oli·
867 1941 958 2014 705
975 1941 1056 1995 Miffl’
1111 1964 1205 2021 ribus.
1225 1965 1304 2021 Vera·
1319 1964 1345 2020 i.
1358 1966 1503 2032 Quoniam
1519 1962 1558 2020 ad
1571 1969 1599 2019 te
1611 1962 1719 2029 orabo,
1744 1961 1873 2018 Domine.
1885 1956 1924 2014 Ad

233 2022 301 2080 bilis
322 2024 398 2081 Deus
420 2028 450 2082 in
466 2032 575 2084 sanctis
588 2030 660 2089 suis.
678 2028 756 2086 bad
775 2031 856 2086 Gom.
872 2036 881 2056 ⁰
895 2030 1058 2085 Posueruut

343 1580 464 1637 Natalia
477 1583 763 1640 sanctoramilddon
775 1591 802 1642 et
817 1585 938 1642 Sennea.

232 2112 367 2172 mortalia
376 2122 555 2173 sanctornm·
574 2119 683 2176 Pani.t
703 2118 777 2174 Deus
792 2124 945 2175 venerunt.

429 2217 441 2249 0
460 2206 565 2264 Sancti
576 2207 658 2264 Petri
674 2210 713 2265 ad
730 2208 858 2265 Vincula.

270 2294 395 2363 dntiplc.
413 2294 498 2350 Salus
513 2295 625 2368 populi.
641 2296 748 2353 Psalrn.
759 2297 913 2364 Attendite,
926 2295 1056 2370 populus

235 2396 332 2450 meus,
355 2382 450 2452 legem
468 2400 576 2440 meam.
593 2385 674 2458 Desp.
691 2387 816 2444 Salxum
829 2386 876 2443 lac
896 2386 1052 2459 populum.

233 2467 313 2527 Vera.
330 2470 374 2526 Ad
385 2475 422 2538 te,
445 2472 577 2541 Domine,
595 2475 734 2532 clamavi.
754 2476 807 2533 Ait
844 2475 884 2530 Tu
899 2492 931 2533 es
943 2476 1055 2543 Petrus,

234 2564 262 2614 et
274 2559 451 2630 superbene
466 2565 578 2635 petram
593 2564 749 2621 edificabo
769 2566 929 2622 Ecclesiam
946 2580 1055 2632 meam,

235 2646 289 2717 od·
303 2648 595 2721 Populumhumilem
613 2653 732 2710 salvum
743 2654 842 2722 iacies,
856 2661 885 2711 et
899 2654 999 2711 oculos
1009 2670 1057 2710 su·

233 2737 391 2810 perborum
406 2738 592 2799 humiliabis.
606 2743 655 2798 Ad
670 2744 754 2800 Gom.
773 2743 908 2811 Domine,
927 2744 951 2799 si
967 2747 997 2800 lu
1008 2759 1052 2801 es.

394 2828 513 2886 Natalis
526 2832 621 2888 sancti
634 2832 779 2899 Stephani
791 2848 892 2901 papae.

269 2917 389 2988 antiph.
406 2918 507 2974 iustus
522 2926 554 2976 ut
568 2920 679 2992 palma.
692 2920 772 2976 Psat.
788 2923 953 2977 Donumest
968 2920 1058 2977 confi·

235 3004 289 3062 lari
300 3005 431 3062 Domino.
448 3007 528 3078 Deip.
544 3007 643 3063 iustus
657 3024 715 3064 nori
729 3008 964 3073 conturbabitur,
985 3009 1058 3083 quia

235 3093 378 3150 Dominus
393 3095 491 3152 Drmat
504 3112 623 3153 manum
639 3099 710 3170 ejus.
728 3100 806 3156 Vera.
825 3097 897 3155 Tota
912 3097 961 3154 die
972 3100 1057 3153 mise·

234 3188 315 3239 retur
331 3188 360 3239 et
376 3185 554 3254 commodat,
569 3191 596 3242 et
611 3202 714 3243 semen
729 3184 796 3258 ejus
811 3187 840 3244 in
851 3187 1058 3243 Benedictione

235 3268 299 3327 erit.
309 3272 372 3327 att.
388 3271 522 3344 Disposui
538 3279 747 3331 testamentum
758 3274 858 3332 electis
869 3275 952 3340 meis,
962 3275 1059 3346 jurari

235 3356 326 3413 David
343 3372 427 3412 servo
441 3373 519 3414 meo.
532 3358 589 3430 Off.
603 3359 706 3416 Inveni
720 3360 937 3416 Davidserrum
954 3376 1057 3416 merim.

232 3445 283 3501 Ad
295 3445 377 3502 Com.
392 3445 525 3513 Domine,
542 3448 672 3522 quinque
699 3448 805 3505 talenta
815 3448 964 3506 tradidisti
977 3448 1055 3513 mibi,

212 3596 217 3604 ¹
233 3549 301 3591 ecce
315 3534 373 3591 alia
387 3536 753 3610 quinquesuperlucratus
767 3554 832 3594 sum
849 3555 856 3605 ;
872 3553 958 3612 euge,
975 3553 1058 3594 serre

232 3621 340 3689 fidelis,
355 3625 424 3697 quia
437 3624 572 3697 lnpaues
587 3625 667 3681 inisti
685 3625 794 3694 tidelis,
814 3643 906 3700 supra
927 3627 1059 3683 multata

233 3712 427 3779 constituam,
444 3713 521 3771 intra
533 3713 714 3787 ingaudium
730 3715 911 3774 Dominitui.

607 3803 684 3860 ata.

177 3920 181 3929 ·
270 3890 391 3960 Antion.
408 3890 583 3947 Sacerdotes
598 3891 663 3964 ejus
675 3891 800 3950 induam
820 3891 958 3951 Salutari.
972 3893 1054 3950 Paul.

234 3980 388 4048 liemcule,
407 3983 539 4047 Domine.
554 3981 656 4038 Davrd.
673 3981 759 4052 Hesp.
774 3984 812 4040 Os
823 3982 895 4055 justi
906 3980 1060 4038 meditabi-

235 4073 282 4126 tur
293 4069 482 4140 sapientiam,
498 4076 526 4125 et
540 4070 641 4142 lingua
654 4073 718 4142 ejus
737 4071 874 4142 loquetur
891 4070 1054 4143 judicium.

236 4158 307 4215 Vere.
325 4159 381 4213 lex
394 4159 441 4215 Dei
455 4160 519 4231 ejus
529 4159 559 4214 in
579 4160 669 4215 corde
682 4160 786 4231 ipsius,
801 4166 830 4214 et
843 4174 903 4214 nou
918 4157 1059 4231 supplan·

234 4244 509 4317 labunturgressus
523 4247 597 4320 ejus.
615 4247 670 4318 Off.
689 4248 791 4303 lnreui
803 4246 906 4303 David.
926 4245 1008 4305 Vera.
1028 4252 1054 4304 t.

233 4334 396 4400 Palenses,
414 4335 552 4392 Domine.
574 4337 683 4393 Versa
700 4337 812 4392 Veritas
829 4340 933 4391 maaet
948 4336 1058 4393 miseri·

234 4422 1058 4498 cordiamea.addonem.Domine,quiuquetalentatra·

235 4511 335 4569 didisti
348 4512 429 4569 mihi.
442 4513 523 4571 Pani.
536 4521 568 4570 nt
584 4529 687 4584 snpra

427 4603 542 4660 Natalis
553 4604 648 4660 sancti
663 4602 750 4673 xysti
761 4618 857 4674 papa.

270 4688 438 4758 Antiphon.
462 4692 637 4749 Sacerdotes
657 4693 717 4757 Der,
735 4691 896 4749 benedicite
916 4692 1055 4749 Domino.

237 4774 346 4836 Psalm.
378 4780 536 4847 lienteum,
561 4782 694 4849 Domine,
714 4780 940 4854 Davidbiiecp.
962 4785 1062 4840 Sacer·

273 4914 287 4945 ⁸
303 4902 359 4957 lice
371 4921 479 4976 quoque
503 4904 649 4977 (osticium)
659 4922 711 4961 non
724 4905 806 4961 habet
817 4906 908 4963 Codex
929 4905 1057 4964 illaudin.

238 4970 343 5029 Pleas.
370 4978 466 5032 Exstat
479 4975 578 5033 festum
594 4979 645 5033 boa
665 4994 713 5033 seu
729 4978 822 5034 natale
846 4979 874 5034 iu
899 4978 966 5033 Ccd.
982 4978 1060 5033 Com·

238 5044 332 5117 pand„
358 5046 490 5103 sedaliud
507 5048 695 5105 estollieium.
723 5049 848 5106 scilicet:
875 5049 991 5120 Antipit.
1016 5048 1063 5104 Sa·

236 5115 354 5171 endotes
366 5119 425 5190 ejus
441 5119 497 5174 ind.
513 5121 598 5176 catut.
616 5120 681 5176 Psnt
696 5121 846 5186 Memento,
871 5121 984 5176 Domine
1011 5121 1064 5175 Dc·

237 5186 295 5242 nid.
318 5189 398 5258 licen.
419 5190 690 5262 Ecresacerdnaqn
712 5190 1062 5247 Vei-altonentnnatot.

237 5257 1063 5333 Eetaitabnnl,difertdoetaminiCamnadastaiarnanima.

1112 2054 1190 2117 com.
1207 2056 1267 2125 Ego
1283 2053 1357 2126 elegi
1370 2069 1423 2111 vos
1434 2053 1472 2110 de
1492 2052 1614 2109 mundo.
1629 2052 1712 2109 Psoi.
1728 2059 1873 2120 utsupra.

1341 2160 1461 2218 Natalis
1471 2159 1568 2217 sancti
1580 2158 1710 2231 Cenaei.

1146 2257 1269 2329 Antipn.
1284 2257 1395 2315 Timete
1416 2258 1586 2323 Dominum,
1610 2270 1719 2313 ornnes
1740 2252 1832 2310 sancti
1856 2251 1923 2323 ejus,

1111 2347 1356 2422 mennonium
1369 2347 1442 2404 nibil
1455 2348 1538 2403 deest
1551 2345 1800 2402 timentibuseum
1810 2357 1817 2407 ;
1829 2340 1924 2397 diritn

1111 2441 1265 2510 eguerunt,
1285 2439 1313 2493 et
1327 2436 1501 2501 esurierunt,
1515 2434 1700 2508 inquirentes
1714 2438 1812 2490 autom
1837 2427 1922 2486 Domi·

1112 2520 1921 2582 numanondeflcieutomnibonoasat.benedicemus

1111 2614 1194 2670 mino
1212 2614 1243 2669 in
1272 2614 1352 2669 omni
1376 2618 1521 2685 tempore,
1537 2627 1657 2685 semper
1670 2609 1814 2681 launoius
1829 2607 1857 2663 in
1877 2618 1921 2662 ore

1112 2718 1190 2761 meo.
1206 2703 1293 2772 ilcan.
1308 2703 1421 2759 Timete
1444 2702 1610 2768 Dominum,
1625 2715 1729 2757 omnes
1747 2695 1838 2755 sancti
1855 2695 1921 2765 eius,
2010 2770 2011 2773 Ἴ

1111 2792 1257 2865 quoniam
1273 2790 1346 2847 nihil
1360 2791 1444 2848 deest
1455 2789 1723 2847 timentibuseum.
1743 2786 1822 2846 Vera.
1837 2781 1921 2856 loqui·

1112 2887 1210 2937 rentes
1220 2887 1320 2936 autem
1338 2879 1506 2946 Dominum,
1521 2893 1582 2936 non
1597 2876 1738 2933 deficient
1750 2875 1828 2931 omui
1841 2872 1921 2969 bona.
2010 2902 2011 2939 3

1112 2969 1194 3024 ulit.
1210 2967 1409 3024 Exsullabnnt
1428 2967 1522 3023 sancti
1538 2965 1686 3039 ingloria.
1712 2963 1884 3022 laetabuntur
1895 2970 1921 3014 111
2010 2990 2011 3015 r

1113 3056 1260 3114 cubilitus
1275 3057 1349 3113 suis.
1368 3056 1425 3127 on.
1441 3056 1589 3112 miamin
1606 3056 1637 3110 in
1651 3054 1789 3120 nomino,
1804 3046 1924 3108 eruin·
2010 3026 2011 3063 ¹

1076 3143 1181 3203 Gtate.
1205 3146 1282 3203 Vera.
1302 3146 1330 3202 t.
1348 3145 1428 3202 Beati
1445 3160 1570 3216 quorum
1585 3143 1725 3209 remissae„
1746 3143 1825 3199 Vera.
1839 3142 1865 3195 t.
1878 3136 1923 3191 iro

1112 3236 1170 3293 hac
1184 3236 1280 3292 orabit
1292 3235 1329 3291 ad
1345 3241 1370 3291 te
1382 3236 1480 3292 omnis
1497 3233 1686 3290 sauctusdd
1694 3232 1772 3290 Gom.
1784 3231 1871 3301 signa
1880 3240 1924 3283 sos

1113 3325 1165 3399 qni
1180 3328 1209 3381 in
1230 3342 1273 3380 me
1289 3323 1505 3389 credintune
1520 3330 1686 3397 sequautur
1701 3339 1708 3379 ;
1723 3318 1870 3380 Damonis
1880 3314 1924 3388 eji·
2009 3340 2010 3379 f

1113 3416 1200 3483 cient,
1217 3430 1304 3488 super
1316 3429 1413 3485 aegros
1426 3429 1533 3471 manus
1548 3415 1713 3486 imponent,
1729 3404 1924 3469 etmneaeae
2009 3442 2010 3481 p

1113 3504 1195 3561 bunt.

1328 3608 1436 3680 Vipitia
1450 3606 1548 3665 sancti
1560 3605 1725 3665 Laurentii.

1147 3714 1271 3784 Antiplc.
1285 3715 1434 3787 dispersit,
1450 3713 1532 3770 dedit
1547 3707 1857 3787 pauperibus‚J'ustitia
1868 3703 1922 3776 ejus

1113 3812 1212 3859 manet
1224 3806 1254 3859 in
1266 3803 1405 3860 saeculum
1418 3802 1530 3872 saeriuli,
1541 3818 1633 3859 cornu
1643 3803 1709 3874 eius
1722 3792 1923 3858 exunniturin
2008 3854 2009 3859 ,

1113 3891 1216 3964 gloria.
1233 3892 1313 3949 Psoi.
1340 3892 1446 3948 Beatus
1472 3893 1514 3948 rir
1535 3891 1587 3966 qui
1615 3891 1701 3948 timet
1723 3886 1879 3946 Dominum
1897 3882 1923 3937 ia

1114 3980 1264 4038 mandatis
1280 3981 1344 4054 ejus
1359 3982 1442 4054 cupit
1467 3981 1565 4038 nimis.
1580 3983 1663 4050 licen.
1686 3977 1833 4053 Dispersit,
1856 3968 1924 4028 dedit

1114 4069 1418 4142 pauperibusjustitia
1434 4070 1499 4143 ejus
1511 4076 1613 4126 manet
1626 4069 1655 4124 in
1670 4067 1808 4126 saeculum
1824 4056 1923 4118 saeculi.

1119 4159 1198 4217 Vera.
1209 4159 1314 4215 Potens
1328 4159 1358 4215 in
1373 4157 1517 4215 terruerit
1530 4174 1631 4214 semen
1646 4157 1725 4229 eJ'us,
1738 4152 1924 4225 generatiore·

1114 4252 1229 4304 ntorum
1243 4247 1441 4303 benedicetur.
1458 4246 1512 4318 Off.
1526 4247 1628 4303 Oratio
1646 4240 1888 4302 meamundaest‚
1900 4236 1925 4289 st

1113 4335 1181 4392 ideo
1193 4341 1257 4406 peto
1274 4339 1305 4391 nt
1315 4334 1564 4392 deturlocusroci
1576 4350 1650 4390 meas
1661 4334 1692 4390 in
1703 4332 1789 4397 coelo,
1811 4328 1879 4401 qnia
1889 4320 1924 4379 ibi

1114 4430 1160 4482 est
1182 4424 1273 4496 judex
1294 4440 1391 4491 meus,
1407 4428 1437 4481 et
1451 4422 1588 4480 conscius
1603 4439 1691 4479 meus
1711 4422 1726 4466 l
1746 4421 1775 4478 in
1790 4414 1899 4476 excelso
1916 4425 1923 4476 ;

1075 4501 1098 4561 D
1118 4513 1259 4570 ascendat
1277 4512 1313 4569 ad
1329 4512 1490 4570 Dominum
1500 4513 1668 4586 deprecatio
1682 4524 1760 4569 mea.
1778 4508 1853 4565 Vera.
1864 4502 1923 4559 Pro·

1113 4602 1199 4659 bavit
1208 4617 1255 4657 me
1269 4594 1616 4664 Dominussicutaurnm.
1628 4601 1693 4657 vias
1703 4585 1923 4671 ajuscustodiris

1114 4700 1143 4747 et
1162 4706 1180 4748 a
1196 4691 1423 4764 preceptisejus
1438 4706 1494 4747 non
1510 4691 1642 4746 discessi.
1659 4689 1667 4733 l
1683 4690 1756 4747 ltem
1772 4683 1861 4744 alind.
1873 4674 1922 4751 Off·

1115 4780 1213 4838 Gloria
1225 4789 1253 4836 et
1263 4780 1438 4837 bonoreild
1453 4780 1595 4848 Camoni
1609 4778 1671 4837 vult
1685 4779 1785 4836 renue
1798 4778 1861 4848 post
1871 4781 1922 4831 1110·

1117 4904 1201 4979 peud.
1217 4914 1360 4977 utrumque
1374 4905 1479 4962 habent
1490 4904 1653 4963 Theoderic.

1153 4975 1163 5019 l
1189 4978 1216 5031 ln
1246 4978 1395 5050 Compend.
1410 4993 1416 5034 :
1433 4978 1467 5035 Da
1486 4979 1558 5051 insti
1579 4977 1673 5034 medii.
1696 4990 1756 5047 sap.
1780 4972 1850 5030 tens.
1875 4962 1925 5019 int

1117 5049 1166 5105 Det
1179 5050 1251 5117 e]ns.
1270 5047 1320 5119 titi.
1336 5049 1457 5106 Veritas.

1153 5120 1206 5173 alu
1222 5119 1297 5175 Com.
1311 5136 1317 5174 :
1335 5121 1411 5191 Deip.
1428 5119 1621 5176 insultabant.
1635 5120 1707 5178 Vera.
1721 5104 1922 5197 Gnntnte'licat·

1119 5190 1177 5246 att.
1203 5190 1298 5248 Sancti
1324 5193 1378 5247 tni.
1413 5193 1535 5247 Domine.
1560 5190 1631 5247 idem
1656 5185 1772 5243 Alleluia
1794 5181 1925 5262 insignari

1120 5261 1224 5316 l'heod.
1239 5261 1283 5334 qui
1299 5260 1325 5315 in
1339 5262 1446 5318 ceteris
1460 5262 1625 5317 conveniunt
1639 5276 1698 5317 cum
1713 5255 1845 5326 Vulgata.

274 5329 289 5369 b
305 5333 333 5384 lu
356 5330 503 5404 Compend.
519 5342 670 5406 sequuntur
692 5334 747 5389 duo
774 5346 869 5390 versus
903 5349 909 5388 :
927 5334 1064 5405 Exierant
1156 5330 1290 5404 hCornpe·
1303 5331 1342 5394 d..
1357 5348 1411 5387 nnn
1423 5334 1584 5403 delicientur
1597 5336 1671 5390 omni
1686 5330 1761 5387 iano.

238 5400 322 5466 Dens,
335 5411 361 5458 et
369 5410 491 5475 irereant.

274 5472 372 5529 eibid.
389 5495 396 5534 :
414 5473 517 5530 domm.
531 5475 615 5531 Beati
636 5473 738 5529 mando
761 5474 853 5531 corde.

275 5544 372 5603 tllbid.
389 5568 396 5602 ε
413 5545 515 5601 Psalm.
534 5547 616 5602 Beati
634 5545 817 5602 immaculati.

276 5616 363 5671 ofloc
375 5615 475 5673 lostam
499 5632 562 5673 eum
593 5632 655 5688 seq.
685 5614 820 5673 omittitur
837 5613 867 5673 ia
888 5613 958 5673 Cod.
986 5615 1066 5673 Gom·

1156 5401 1245 5460 libid.
1264 5419 1270 5460 :
1286 5403 1341 5458 Ati.
1361 5404 1489 5471 Gaudete,
1505 5405 1584 5473 insti,
1596 5406 1625 5459 in
1638 5403 1758 5460 Dosnino.
1772 5395 1835 5450 Cum
1849 5386 1924 5445 aaa
2004 5470 2005 5477 ἵ

1121 5473 1308 5529 derlccnsibus
1322 5476 1489 5532 conveniunt
1502 5474 1585 5532 Editl.

1156 5543 1247 5601 kCom
1270 5545 1345 5611 end„
1358 5547 1387 5602 in
1401 5552 1545 5605 admunt.

1156 5612 1164 5658 ¹
1176 5563 1290 5675 Abesse
1303 5614 1372 5674 Mas.
