4074 6174
532 200 829 316 serronncnrnn
849 234 900 314 ao
919 236 950 314 s'.
973 232 1146 312 corconi
1164 222 1302 303 ortatui
1322 194 1657 304 secerneremur.

1883 222 1934 301 ott

240 386 418 443 mortalitate
428 382 724 441 drentesralrnttset
736 378 795 439 enti
810 392 887 440 'uum
897 370 1011 441 bostem
1022 380 1069 436 ‹le-
1085 377 1109 437 Α
1124 370 1345 440 Benedictionls,
1359 376 1387 429 el
1401 370 1609 455 confirmetsos
1624 366 1711 455 {nepe
1725 366 1935 441 regnicoelestls.
2018 396 2019 423 1

1124 444 1225 503 disson.
1241 444 1327 503 delos
1340 452 1447 501 vestros
1462 446 1593 513 corrugat,
1606 446 1695 497 vitam
1707 439 1937 505 emendet.‚1nuras
2018 510 2019 515 ἵ

240 459 354 514 sincere
368 456 396 514 st
410 456 545 529 edregne
557 454 683 513 coelestia
697 466 855 529 pervenire.
873 461 974 513 ernon.
987 450 1069 524 Quod

239 529 298 602 ipse
314 532 448 601 prestare
463 528 606 600 dignetur,
623 532 667 583 clc

371 608 403 671 iu
421 616 565 672 nativitate
577 613 767 691 plurimarum
787 617 936 689 vispinum.

275 703 464 776 Omnipotens
477 705 619 763 Durninos
640 704 880 765 intercedentibus
895 704 1003 762 meotis
1015 701 1070 759 rit-

239 772 352 849 ginibus
374 776 433 835 suis
452 793 502 832 res
523 776 656 849 dignetur
678 776 857 843 benedicere,
882 773 1069 848 quinctiano

241 849 323 907 hoste
336 864 393 905 non
406 847 500 905 solum
512 865 562 920 per
575 848 660 915 viros,
677 864 777 905 rerum
787 848 875 905 aliem
885 864 937 919 por
947 846 1070 903 tornines

242 918 333 976 voluit
345 916 533 991 triumphare.
546 924 646 977 nmen.
661 920 694 975 iit
703 920 750 991 nui
761 916 1070 976 illisroioilcontesimi

244 991 352 1049 fructos
365 993 472 1047 donum
491 992 594 1048 dacore
608 989 779 1061 virginitatis
794 996 823 1048 el
835 1004 928 1063 egem
940 987 1069 1061 martyrii

243 1062 386 1131 conferre,
395 1079 444 1119 ros
453 1062 622 1134 digneturcl
634 1062 769 1118 riliorurn
779 1061 959 1133 squaloribus
970 1074 1071 1131 espur-

245 1151 321 1206 gare‚
339 1138 369 1190 et
382 1134 519 1190 virtulum
535 1134 984 1205 lampadibuseaarnere.dmen.
996 1134 1069 1199 Qua·

246 1211 328 1262 tenus
344 1205 480 1261 virtulum
491 1206 555 1263 oleo
569 1205 610 1262 itu
626 1209 771 1276 pectorum
788 1211 946 1262 vestrorum
962 1204 1071 1274 lampa-

245 1278 296 1335 de's
310 1276 419 1347 possint
434 1275 546 1348 repleri,
563 1280 664 1335 alcuin
680 1278 721 1334 eis
735 1276 857 1333 caelestis
871 1275 965 1348 sponsi
979 1275 1071 1331 timia·

245 1347 466 1475 Ξιῃιιιηινεὶοαῑίε
480 1347 601 1420 ingredi.
631 1349 732 1405 limen.
757 1350 838 1415 Quod
858 1349 918 1421 ipss
936 1351 1072 1420 praestare

266 1436 330 1492 igne
346 1436 388 1485 ur,
404 1424 459 1475 etc.

278 1508 314 1565 In
327 1508 517 1563 anniversario
535 1507 715 1563 dedicationis
728 1508 842 1564 eeclesias
863 1506 1034 1566 Benedictio.

278 1596 353 1652 Deus
367 1598 559 1669 omnipotens,
579 1595 625 1721 Ἱιιὶ
642 1596 695 1652 lroc
711 1595 841 1653 sanctum
864 1597 1003 1668 templum
1020 1612 1071 1653 suo

243 1668 450 1740 gloriosissimo
465 1667 575 1723 nomint
598 1684 614 1723 n
631 1668 739 1725 honore
755 1669 829 1724 beati
847 1671 880 1725 N.
896 1664 1017 1741 apostoli
1028 1668 1070 1723 sui

1124 522 1290 591 corriperet,
1304 518 1333 575 ei
1347 532 1397 573 ros
1412 516 1449 573 ed
1464 506 1586 572 ccelesiis
1610 510 1737 585 paradisi
1752 510 1938 571 hereditatem

1124 588 1270 675 perdocet.
1284 591 1385 649 daron.
1403 587 1519 714 mine
1532 580 1732 642 intentionare
1754 582 1938 667 ieritraleatis,

1125 678 1181 735 qua
1192 678 1216 718 er
1229 658 1256 716 in
1271 662 1468 735 perpetuump
1482 658 1597 714 necatis.
1611 662 1711 714 Arnen.
1747 654 1940 729 uodrpseprn

1125 740 1202 791 stare
1217 734 1359 806 dignetur,
1393 730 1421 787 oi
1433 744 1509 798 cum,
1522 732 1551 786 et
1569 775 1575 786 .

1161 805 1235 860 Air'e.
1250 837 1284 846 -
1298 805 1484 860 Derotroncm
1497 804 1622 858 uestram
1643 796 1784 855 Dominus
1799 796 1940 871 dignanter

1125 874 1265 939 totendal,
1283 877 1311 932 et
1325 888 1382 932 suco
1397 874 1475 931 vobio
1491 870 1697 930 benedictionis
1711 870 1788 925 dona
1801 870 1940 928 concedat.

1124 950 1226 1005 Anien.
1239 944 1355 1018 Titiique
1371 964 1419 1002 ros
1434 944 1462 1002 in
1479 942 1610 1018 praesenti
1622 940 1728 998 soeculo
1743 939 1867 997 subsidio
1886 958 1940 997 mu·
2018 956 2019 959 ’

1126 1021 1196 1086 nial,
1209 1022 1240 1076 ut
1271 1017 1373 1075 oradisi
1401 1030 1450 1074 ros
1463 1016 1491 1072 in
1518 1015 1614 1071 intuso
1629 1010 1806 1071 habitatores
1824 1006 1937 1070 eiiiciat.

1124 1090 1226 1148 Arnen,
1262 1090 1342 1163 icqoe
1361 1089 1448 1146 corda
1461 1091 1554 1143 restra
1570 1084 1778 1143 sanctificando
1788 1083 1939 1167 beoedicat,

1126 1168 1154 1222 el
1167 1162 1361 1221 benedicendo
1370 1159 1534 1225 senctillcet,
1552 1163 1583 1216 ul
1593 1157 1751 1220 nobiscnm,
1763 1154 1821 1210 imo
1832 1170 1859 1210 sn
1870 1155 1941 1212 robis

1126 1252 1191 1293 enni
1199 1235 1308 1317 jugiter
1318 1231 1448 1291 babitare
1462 1231 1591 1288 delectet.
1603 1230 1706 1285 Amen.
1719 1224 1867 1300 Quodipse
1877 1240 1940 1299 pre·

1126 1307 1429 1379 slnr·edrgnetu1·,etc.
1716 1368 1723 1381 ·
1819 1366 1825 1381 ⁶

1161 1374 1237 1433 etto.
1256 1411 1282 1419 ..
1306 1375 1493 1447 Omnipotens
1508 1375 1580 1429 Deus
1595 1370 1644 1428 det
1658 1370 1740 1426 robis
1751 1372 1874 1440 gretiam
1887 1382 1941 1425 suo

1127 1447 1348 1513 Denedietienis,
1359 1451 1387 1503 et
1395 1445 1505 1518 repleat
1517 1461 1566 1500 ros
1581 1438 1683 1515 spiritu
1691 1439 1853 1498 reritntlsel
1862 1436 1940 1512 pacis.

1126 1522 1227 1578 dinco.
1245 1522 1391 1587 Quatenus
1403 1517 1443 1574 sic
1459 1532 1507 1589 per
1521 1516 1596 1571 riam
1614 1513 1716 1570 salotis
1732 1514 1836 1567 devota
1854 1514 1942 1567 mente
2018 1512 2019 1519 ’

1126 1592 1259 1658 curratis,
1274 1596 1306 1648 ut
1321 1587 1535 1716 subrepentium
1551 1582 1722 1643 delictorum
1748 1583 1864 1654 laqueos
1875 1582 1941 1639 salo-

1127 1667 1214 1723 briler
1239 1658 1381 1721 credulis.
1430 1674 1511 1717 meu.
1537 1656 1637 1730 Sisque
1652 1652 1821 1713 efficiamini
1838 1650 1866 1709 in
1886 1654 1941 1739 ejus

242 1740 333 1795 voluit
353 1738 489 1805 dedicari,
516 1738 576 1819 ipse
600 1756 649 1794 νος
668 1740 797 1810 precibus
826 1742 855 1795 ci
870 1739 979 1795 meritis
996 1738 1071 1795 iilius
1088 1742 1111 1804 Β
1127 1735 1332 1810 supplicatione
1347 1731 1450 1798 devoti,
1466 1734 1493 1787 el
1512 1729 1541 1787 in
1555 1731 1656 1784 rnutoa
1674 1724 1825 1783 dilectione
1839 1724 1940 1792 sincera,
2018 1726 2019 1747 ³

243 1810 444 1868 benedictione
460 1824 513 1866 sun
522 1806 671 1881 pusiisreori
687 1815 715 1867 ct
730 1810 918 1867 illustratione
933 1810 1072 1866 risilatio-

244 1881 1068 1954 nis,atqueini1abitationissunlacietsanctiileeri.llmcn.

245 1955 393 2021 Quatenus
406 1953 454 2026 qai
468 1952 562 2011 inistis
574 1953 730 2025 aliquando
744 1954 818 2012 siout
830 1960 855 2011 el
873 1953 1072 2021 cesteridomi-

244 2024 311 2083 cilis
322 2025 413 2082 hostis
428 2024 549 2094 antinoi,
566 2029 596 2083 sl
607 2026 659 2083 sub
672 2028 735 2096 eius
744 2026 943 2083 deminutione
955 2025 1070 2097 sepliri,

246 2092 417 2155 mercamini
432 2097 534 2167 singuli
551 2097 715 2167 gratissima
729 2097 791 2153 deci
805 2098 913 2169 tennsla
937 2098 985 2153 Dei
1005 2096 1070 2164 riri,

247 2184 297 2240 per
308 2168 370 2242 ejus
380 2167 504 2238 gratiam
517 2168 608 2225 effecti
622 2170 656 2225 do
667 2168 756 2225 serris
766 2168 816 2225 tilii
828 2167 1069 2239 otoptiviamon.

248 2241 447 2309 Concedatqoe
456 2239 535 2293 robis
547 2243 578 2294 ut
588 2239 636 2309 qui
649 2239 875 2295 anniversariam
884 2237 1071 2295 dedicationis

247 2311 335 2383 bajus
348 2309 526 2367 tubernaculi
541 2309 585 2367 soi
594 2309 744 2365 celon-otis
752 2309 946 2372 iestirilatcm,
957 2311 994 2367 ed
1005 2326 1073 2369 con·

248 2381 360 2439 tineam
379 2379 503 2436 coelestis
527 2380 626 2451 templi
653 2381 826 2452 pervenistis
849 2381 985 2437 clamites
1006 2398 1071 2437 curn

198 2504 202 2509 .
247 2450 474 2522 ssawsangelis
485 2446 654 2509 celebraturi
670 2452 833 2523 perenniter
846 2453 1069 2509 solemnitatem.

246 2528 348 2581 Amen.
365 2522 447 2591 Quod
462 2521 522 2593 ipse
538 2527 674 2594 praestaro
686 2523 830 2594 dignetur.
849 2527 903 2581 etc.

351 2612 387 2668 Ie
401 2610 593 2667 oenieecsorio
612 2613 825 2669 sonusralionis
839 2613 955 2685 epiceopi
959 2655 964 2667 ,

280 2698 468 2772 Omnipotens
479 2703 563 2763 Deus.
575 2701 691 2772 enimc,
703 2702 834 2773 quamvis
847 2702 1009 2774 indignum,
1024 2719 1073 2775 per

99 2766 102 2779 '
188 2816 194 2823 .
245 2770 419 2829 immensam
429 2788 485 2827 soie
496 2773 610 2854 pietalis
621 2772 815 2839 astinentiam,
829 2774 906 2829 intra
919 2790 1071 2833 numum

244 2842 1072 2911 antistitum,adnssnistrsndumullnrisua,iaudisiiostias

245 2909 435 2977 immolando,
456 2915 650 2984 dignatusest
674 2918 823 2986 deputare,
849 2921 936 2987 atnoe
958 2920 1019 2972 tam
1035 2918 1072 2972 nd

148 3036 154 3045 .
245 2985 368 3043 celestis
379 3002 486 3041 mensae
502 2991 684 3042 sacramenta
698 3003 780 3057 qoam
791 2986 878 3043 etiarn
891 2988 928 3043 nd
939 2987 1071 3059 perennis

246 3056 313 3111 vitre
329 3056 469 3112 alimenta
484 3057 587 3140 populo
607 3074 659 3113 suo
681 3060 825 3129 erogando
840 3058 994 3123 destinare,
1011 3058 1071 3140 ipse

162 3140 170 3145 ·
247 3124 455 3183 benedictionis
474 3144 556 3198 cupra
571 3128 704 3199 dignetur
717 3128 903 3200 locupletare.
925 3135 953 3186 el
967 3135 1070 3186 sancti·

248 3197 360 3253 licando
370 3198 463 3270 gratia
476 3198 567 3255 sancti
579 3198 699 3271 Spiritus
707 3201 794 3255 corda
806 3206 900 3257 restra
913 3201 1071 3257 misericor·

248 3268 322 3324 diter
336 3273 476 3343 regolare.
494 3276 594 3325 dinen.
610 3268 747 3342 ilignetor
761 3266 847 3327 elium
861 3290 911 3327 ros
926 3274 961 3327 ab
976 3272 1072 3328 cinni-

248 3342 336 3396 mnda
350 3338 475 3413 nequitia
488 3341 643 3397 clementer
659 3343 784 3413 expiere,
801 3346 829 3399 ct
844 3342 871 3398 ln
887 3358 943 3399 sun
959 3340 1072 3416 pictatis

248 3410 416 3467 excellentia
433 3410 569 3493 ⁸potenter
594 3412 776 3495 ¹conllrmnre.
800 3416 901 3469 Atrion.
923 3410 1073 3499 ,concedet

247 3483 456 3627 ltitlillit
471 3480 1073 3629 iiiiiil‘lliiliiliilltiitit:

242 3624 288 3696 jus
304 3624 458 3681 torminum
474 3625 538 3681 tritta
557 3628 593 3681 ad
614 3632 787 3683 aeternorum
832 3627 917 3683 audin
943 3629 1070 3701 prensio-

243 3710 307 3752 rum
326 3695 445 3777 feliciter
460 3697 675 3770 transmigrare.
694 3704 796 3755 Amen.
810 3644 891 3765 icoc
914 3698 973 3771 ipse
987 3714 1072 3773 piros-

237 3770 303 3824 ‘tore
321 3767 467 3845 dignetur.
483 3773 536 3824 ele.

424 3852 580 3912 Benedictio
600 3856 771 3930 quotidianis·
791 3858 893 3915 riiebm.

179 3984 182 3991 ,
279 3943 436 3999 Benedicat
446 3942 525 3999 robis
539 3945 688 4007 Dominus,
703 3945 883 4001 elcustodiat
897 3963 956 4001 ros.
969 3954 1070 4003 Anien.

244 4013 390 4071 illuminet
406 4012 965 4088 iaciemsuonrsnperros,etmisercatur
975 4020 1071 4075 rostri.

245 4084 346 4142 insen.
363 4086 517 4142 tlonrerlot
529 4086 638 4143 rulttim
650 4100 733 4142 sirum
747 4090 783 4143 acl
795 4090 843 4147 ro's
858 4094 885 4145 et
897 4084 984 4145 donet
994 4089 1072 4148 voots

246 4164 356 4229 paceni.
372 4158 472 4214 Amen.
493 4156 575 4282 8⁰⁰⁶
594 4158 653 4230 ipse
674 4162 808 4229 prestare
824 4152 964 4233 dignetur,
982 4166 1034 4217 etc.

287 4228 351 4283 ltere
363 4228 429 4285 aliu.
444 4256 479 4270 -
520 4229 681 4301 mnipotans
694 4230 767 4285 Dens
781 4240 833 4285 sua
852 4248 901 4289 ros
920 4232 1074 4289 clementio

250 4298 410 4368 benedicat,
424 4300 453 4355 et
466 4312 582 4356 sensum
596 4301 623 4354 ln
640 4296 718 4355 robis
730 4296 875 4373 sapientie
889 4296 1073 4360 salntarlsin-

251 4366 363 4425 iaudat.
382 4370 482 4425 Amen.
499 4368 653 4425 Catholicae
666 4370 731 4426 noel
747 4386 796 4426 vos
812 4372 991 4431 ‹locnmcnlls
1006 4391 1073 4431 anu·

1126 1806 1318 1867 utedccelcstc
1326 1820 1445 1876 regnum
1454 1799 1600 1873 pervenire
1608 1797 1832 1881 possitissecuri.
1842 1798 1936 1855 Arnen.

1127 1881 1208 1948 Quod
1223 1878 1283 1951 ipse
1296 1881 1432 1949 praestare
1449 1874 1591 1947 dignetur,
1608 1870 1690 1944 cujus
1713 1869 1873 1939 imperium,
1892 1872 1939 1924 etc.

1161 1952 1239 2008 Alia.
1256 1981 1288 1990 -
1299 1948 1442 2005 Concedat
1455 1944 1534 2000 ivonis
1547 1943 1733 2013 omnipotens
1748 1943 1832 2023 Dens,
1847 1954 1939 2022 munus

1126 2040 1184 2081 suae
1199 2018 1417 2085 benedictionis,
1429 2016 1591 2090 quirestrte
1601 2012 1786 2071 estconscios
1801 2011 1937 2067 infirmita-

1127 2096 1172 2152 tis.
1186 2096 1288 2150 Amen.
1304 2093 1339 2148 El
1350 2090 1398 2162 qui
1410 2088 1488 2145 robis
1501 2087 1601 2143 tribuit
1612 2083 1795 2156 supplicandi
1805 2082 1937 2145 edentium,

1127 2167 1234 2223 tribuat
1248 2160 1451 2220 consolationis
1466 2158 1614 2219 auxilium.
1630 2157 1737 2214 Arnen.
1762 2156 1799 2236 lit
1814 2152 1855 2237 'ab
1874 2155 1940 2235 enei

1126 2235 1273 2311 proesentis
1287 2239 1315 2291 et
1331 2234 1435 2289 laturre
1449 2231 1515 2287 vitre
1530 2228 1692 2310 subsidium
1717 2231 1845 2298 capiatis,
1867 2240 1939 2307 cepas

1128 2328 1177 2366 sos
1187 2309 1316 2365 bonitade
1331 2309 1443 2363 creatos
1458 2319 1519 2360 esse
1533 2300 1659 2357 modalis.
1677 2301 1781 2357 Amen
1796 2297 1873 2364 onoc
1887 2311 1938 2367 ipse

1127 2384 1262 2454 prasstmo
1276 2377 1420 2447 dignetur,
1435 2382 1487 2432 ete.
1694 2442 1700 2454 .
1883 2436 1888 2448 .

1162 2452 1236 2509 Alia.
1254 2481 1285 2493 -
1302 2446 1490 2518 Orsinipolens
1506 2444 1580 2501 Dsos
1592 2442 1700 2500 coelcstr
1717 2458 1767 2498 ros
1814 2442 1937 2496 electione

1125 2523 1294 2587 circumdet,
1316 2525 1344 2576 et
1363 2533 1422 2577 sue
1446 2514 1653 2573 benedictionis
1684 2516 1761 2571 douo
1796 2509 1934 2590 acupietet.

1127 2598 1228 2653 Amen.
1242 2592 1442 2661 Concedatqoo
1454 2587 1535 2645 robis
1550 2591 1580 2643 ot
1594 2586 1642 2658 qui
1663 2585 1697 2642 in
1712 2580 1774 2641 sola
1792 2600 1840 2665 spe
1852 2584 1937 2652 gratie

1127 2665 1248 2725 coelestis
1263 2661 1436 2726 innitemini,
1456 2657 1565 2717 coelesti
1582 2658 1672 2717 eliens
1690 2660 1863 2739 protectione
1886 2667 1939 2707 mo

1127 2737 1258 2795 niarniui.
1274 2736 1376 2790 Amen.
1388 2730 1610 2800 Quetcnosetio
1620 2732 1755 2801 praesenti
1764 2725 1861 2783 secolo
1874 2737 1938 2779 moe

1127 2811 1193 2867 talis
1221 2807 1287 2863 ritoe
1314 2805 1416 2861 solatio
1437 2801 1566 2885 capiatis,
1592 2805 1621 2856 el
1643 2799 1822 2926 semgiterna
1847 2792 1937 2868 gaudia
2018 2860 2019 2863 Ἴ

1126 2876 1369 2952 corrrpreliendere
1381 2874 1510 2931 veleatis.
1524 2872 1625 2928 Amen.
1640 2870 1705 2943 Quo

1127 2954 1268 3021 dignetur.
1286 2952 1338 3005 eto.

1743 2868 1802 2941 ipsc
1816 2868 1936 2940 prestare
2018 2870 2019 2933 ζ

1161 3021 1310 3078 lennatio.
1331 3048 1360 3060 -
1375 3015 1565 3087 Omnipotens
1586 3016 1660 3070 bans
1687 3015 1808 3071 dextera
1821 3022 1936 3079 suaper
2018 3002 2019 3027 ¹

1087 3102 1109 3164 C
1126 3099 1212 3168 petuo
1224 3108 1273 3148 ros
1284 3088 1441 3147 circumdet
1454 3085 1571 3151 anxilio,
1584 3089 1613 3143 el
1635 3083 1869 3141 benedictionum
1880 3090 1935 3135 sna·

1125 3183 1189 3222 rurn
1202 3163 1311 3235 repleat
1325 3163 1410 3217 dono.
1426 3160 1528 3215 Amen.
1539 3159 1581 3213 no
1593 3156 1676 3213 omni
1689 3173 1737 3212 roa
1748 3153 1880 3226 pravitate
1894 3150 1935 3206 de·
2018 3184 2019 3207 1

1127 3238 1236 3300 insidat,
1262 3237 1291 3290 et
1325 3231 1408 3287 donis
1431 3229 1593 3286 ccelestibos
1619 3229 1777 3284 exuberare
1804 3222 1935 3280 conoedat.

1126 3310 1228 3364 dinen.
1245 3308 1367 3372 Duocor
1407 3302 1749 3363 remandatiacmenm
1765 3293 1935 3375 talcmsies·
2018 3332 2019 3337 .

1127 3375 1368 3436 lslbeatlsserritu
1383 3386 1439 3437 em.
1456 3388 1506 3444 per
1530 3384 1618 3442 nomn
1641 3386 1729 3427 snam
1752 3376 1935 3437 macenaria·
2018 3398 2019 3407 .

1126 3451 1210 3508 leutls
1237 3446 1480 3523 propitiationem.
1509 3444 1612 3499 dinen.
1633 3443 1718 3508 Quod
1746 3439 1936 3512 ipssprestsrt
2018 3530 2019 3539 ἵ

1127 3524 1269 3595 dignetur,
1284 3523 1337 3574 elc.

1162 3591 1297 3649 ltcrnoiio
1307 3587 1472 3645 benedictio.
1486 3616 1521 3628 -
1535 3584 1667 3640 Puridcet
1684 3583 1861 3653 omnipotens
1872 3578 1936 3631 oeus
2018 3638 2019 3641 Ἴ

1127 3670 1286 3720 vestroruin
1303 3659 1433 3718 cordium
1450 3661 1603 3723 cresenci
1616 3652 1826 3715 benedictionis
1837 3661 1936 3704 suero·

1127 3737 1170 3791 bis
1185 3737 1293 3791 tribuat
1313 3733 1502 3787 incremento.
1532 3718 1674 3787 Arnend
1697 3730 1724 3783 te
1739 3723 1866 3781 omnibns
1880 3720 1934 3773 rata
2018 3732 2019 3739 ¹

1128 3804 1275 3880 pinsentis
1283 3794 1580 3887 perietriisetuarnini,
1591 3802 1620 3855 ct
1633 3796 1772 3854 rirluiuni
1781 3788 1934 3876 spiritalium
2018 3846 2019 3861 χ

1128 3878 1305 3933 uccenseatis
1320 3870 1490 3927 induamini.
1507 3870 1609 3924 dinen.
1627 3871 1691 3934 Otto
1720 3866 1794 3922 iltius
1808 3857 1935 3940 adjutorio
2018 3890 2019 3933 p

1128 3944 1202 4013 lolli,
1217 3944 1257 4003 sio
1269 3946 1293 4002 ci
1308 3943 1436 4001 serviatis
1447 3942 1476 3997 in
1492 3940 1585 4009 terris,
1596 3943 1628 3996 ut
1639 3940 1665 3996 ei
1684 3935 1818 4015 conjungi
1833 3931 1938 3989 relealrs
2018 3984 2019 4003 3

1127 4020 1156 4077 ln
1171 4018 1257 4075 omlis.
1275 4016 1374 4072 brnen.

1164 4084 1559 4156 [terentia-Omnipotens
1592 4082 1666 4138 Dens
1698 4070 1938 4138 universaarobis
2018 4086 2019 4101 ¹

1129 4160 1248 4219 advorsa
1263 4156 1404 4225 excludat,
1419 4161 1447 4212 et
1457 4172 1516 4212 sore
1529 4166 1614 4228 snper
1626 4170 1675 4209 ros
1688 4147 1890 4210 benedictionis
1898 4144 1939 4198 de

1129 4248 1338 4361 iiciiiintenta
1354 4298 1499 4361 doctrinis,
1521 4310 1577 4369 nuo
1601 4296 1713 4373 possint
1735 4291 1833 4369 repleri
1849 4282 1940 4343 bened-

1247 4228 1500 4287 itlntusiniundnt.
1516 4227 1617 4282 Amen.
1635 4225 1730 4281 Corda
1743 4226 1833 4280 restra
1846 4214 1938 4275 eiiloiat
2018 4262 2019 4267 ,

1129 4375 1179 4431 ciis
1194 4371 1385 4446 sempiternis.
1402 4372 1505 4427 Amen.
1521 4368 1667 4436 Quatenus
1678 4372 1709 4424 et
1722 4359 1894 4434 exsequenda
1905 4355 1940 4409 in·
2018 4396 2019 4413 t

251 4438 330 4507 triat,
342 4444 370 4495 ot
385 4441 414 4495 in
434 4439 539 4496 sanctis
565 4442 697 4512 operibus
719 4444 939 4513 perseverabiles
961 4446 1073 4503 reddat.
1092 4460 1115 4522 p
1130 4448 1298 4523 talligentes,
1316 4448 1345 4500 ot
1360 4440 1504 4498 intellecta
1517 4442 1714 4511 exsequentes,
1729 4442 1757 4494 et
1767 4437 1839 4491 inter
1852 4430 1939 4508 adress
2018 4470 2019 4507 3

250 4513 352 4566 emen.
368 4511 486 4568 Gressus
499 4517 608 4567 vestros
624 4513 659 4567 ab
674 4529 771 4569 errore
784 4514 940 4577 conventui,
957 4524 984 4572 et
999 4518 1074 4573 r'nrn
1130 4532 1162 4575 sa
1177 4512 1276 4573 mnndi
1290 4510 1477 4570 insenimnini
1491 4510 1649 4576 indemnes,
1665 4510 1695 4565 et
1710 4510 1853 4567 bealorum
1868 4496 1938 4571 spiri·

250 4581 330 4637 soba
343 4582 421 4652 pacis
433 4581 617 4638 eocharitatts
629 4583 771 4641 adnudat.
786 4588 888 4642 Anien.
921 4589 1002 4653 Quod
1027 4606 1076 4661 pse
1130 4592 1210 4646 tuom
1226 4584 1391 4643 efficiamini
1405 4584 1575 4641 coheredes.
1588 4578 1690 4637 dinen.
1700 4580 1782 4645 Quod
1796 4577 1852 4648 lpse
1863 4580 1939 4645 pret·

251 4657 389 4726 prosatore
402 4653 546 4724 dignetur,
562 4655 655 4723 cuius,
670 4660 725 4712 etc.

285 4723 365 4781 etio.
379 4754 414 4767 -
430 4724 551 4783 inclinet
567 4725 706 4783 Dominus
721 4740 912 4785 amomsusm
927 4731 962 4787 ad
978 4746 1075 4802 praees

252 4798 355 4851 restris
368 4795 548 4861 humilitatis,
562 4800 591 4853 et
605 4798 653 4853 dot
666 4799 789 4868 gratiam
801 4799 950 4858 rabiosum.
959 4803 1075 4859 benedi·
1131 4818 1200 4877 pace
1214 4798 1356 4873 disponat,
1371 4802 1399 4855 el
1413 4814 1471 4853 sne
1484 4792 1563 4852 robis
1575 4792 1784 4851 benedictionis
1799 4790 1868 4845 dona
1881 4792 1939 4836 con·

1130 4660 1192 4718 inre
1207 4656 1348 4730 dignetur.
1366 4656 1466 4711 dinen.

1165 4733 1233 4787 item
1246 4726 1316 4785 olio.
1339 4760 1368 4768 -
1381 4725 1569 4798 Omnipotens
1585 4724 1659 4779 Deos
1669 4722 1729 4779 dios
1742 4722 1846 4777 rastros
1856 4713 1882 4770 in
1895 4722 1939 4764 sna
2018 4774 2019 4779 ἵ

251 4865 870 4940 ationis,etpremiumscorpitornosalnlls.
884 4873 986 4930 emen.
998 4876 1076 4930 Sem·
1131 4874 1222 4941 cedat,
1238 4870 1338 4927 dircen.
1351 4866 1393 4925 db
1405 4862 1538 4925 omnibus
1548 4884 1597 4923 ros
1607 4856 1861 4940 perturbationlbns
1872 4852 1936 4910 libe·
2018 4864 2019 4871 ¹

250 4943 341 5009 perat
357 4937 462 5010 ubique
474 4940 630 4997 Durninom
658 4941 814 5011 propitium
842 4941 981 5009 bubastis,
1000 4950 1029 5001 et
1048 4946 1076 5002 in
1132 4950 1184 5009 rot,
1199 4948 1226 5001 et
1239 4944 1351 4999 mentes
1365 4939 1662 5011 restrasinsneopncls
1674 4932 1872 5009 tranquillitate
1881 4934 1937 5001 con·

251 5007 1075 5086 ojusleodibosoasulletis.llmaaa.Omniumpeocatorum
1131 5017 1243 5073 solidet.
1261 5018 1361 5069 dinen.
1392 5014 1537 5079 Quatenus
1564 5010 1633 5082 spei,
1661 5006 1727 5067 lldci
1757 5010 1785 5063 ot
1806 4996 1940 5071 connisos

252 5080 539 5164 reslrornmrineula
559 5076 662 5165 aolyat.
689 5090 718 5139 et
740 5085 913 5157 adglorians
927 5088 1077 5159 sempiter—
1151 5082 1411 5149 cinmisedornalt,
1439 5086 1468 5139 et
1487 5084 1656 5153 presentem
1679 5081 1765 5136 vitam
1789 5066 1937 5202 transigatis
2018 5090 2019 5103 .

154 5162 158 5169 “
252 5168 321 5207 nam
335 5168 482 5223 pervenire
493 5170 542 5209 ros
555 5152 650 5211 iacsol.
663 5156 765 5212 daron.
777 5156 857 5222 Quod
870 5157 931 5230 ipso
941 5168 1078 5231 prestare
1131 5106 1151 5215 1i

1132 5177 1139 5215 1
1155 5158 1211 5217 liesi
1222 5162 1250 5214 ct
1266 5152 1303 5212 ad
1317 5156 1456 5213 aeternam
1471 5150 1643 5226 perveniatis
1657 5148 1757 5208 securi.
1768 5148 1854 5202 Arnen
1890 5128 1937 5191 uod

253 5221 398 5295 dignetur,
417 5223 506 5297 cujus.
525 5224 577 5280 etc.
1133 5230 1192 5315 ipsc
1227 5236 1343 5285 restare
1363 5225 1504 5298 dignetur,
1523 5241 1538 5281 e
1561 5225 1605 5280 'us
1625 5238 1744 5296 regnum
1760 5222 1787 5274 et
1801 5210 1938 5284 imperium

287 5294 366 5350 illio.
378 5324 412 5337 -·
423 5292 592 5369 Multiplicet
604 5292 634 5352 in
646 5294 724 5353 robis
739 5290 878 5356 Dominus
892 5300 1004 5375 copiam
1022 5318 1078 5358 son
1133 5316 1194 5360 sine
1206 5244 1263 5358 ine
1275 5302 1424 5374 permanet
1440 5296 1469 5352 in
1482 5240 1588 5353 sterilia
1604 5296 1782 5352 soeculorum.
1799 5288 1891 5343 Arnen.

1004 5484 1210 5503 ..h—⁸⁸⁸⁴-

18 5912 452 6158 b.
